2244 4028
304 236 308 243 .
405 178 584 265 genesis.
637 258 640 265 .
900 180 969 285 nrt?

58 328 170 399 νοητὴ
189 327 225 393 in
246 326 414 415 arguendis
425 329 531 413 inpiis
546 326 749 403 Maeoticis,
769 337 800 390 et
820 341 969 411 qnantum

58 434 117 497 erit
136 432 174 497 in
193 432 365 497 retinendis
385 431 446 517 piis
467 434 553 519 apud
573 452 625 507 se,
652 452 692 493 ne
720 452 753 495 se
773 420 971 521 cumimpiis

58 535 295 639 njungereaa'ti'
311 532 389 597 Non
410 534 489 601 abiit
508 558 588 597 unus
609 534 693 610 dies,
725 554 788 619 qus
810 556 876 613 non
896 557 970 601 eon·
997 554 1013 571 ⁸

58 632 240 703 secandala
268 648 300 701 et
330 650 491 701 nascentes
519 636 658 699 haereses
684 650 838 723 pugnaret
864 637 970 701 bonus

58 762 123 803 nex.
164 738 272 823 ltaque
292 760 387 822 supra
408 738 486 815 dixi,
513 742 570 803 has
591 734 696 802 Patres
717 741 797 802 inter
816 740 971 827 Martyres

58 844 138 905 bers
157 841 296 927 primum
316 842 442 918 laeum,
463 842 549 925 quod
569 853 653 907 tants
674 844 838 911 certamina
857 856 887 909 et
907 857 971 907 tan

58 969 123 1037 ngo
145 958 290 1031 tempore
309 956 420 1009 contet
438 942 553 1027 impios
572 942 795 1025 sustinuerant
876 974 884 1003 ι

101 1090 196 1155 Vidit
216 1102 317 1155 aetem
331 1090 425 1153 Nonis
443 1102 572 1173 nepotes
593 1110 667 1151 snos
687 1088 719 1151 in
734 1091 971 1179 genesationen
995 1156 998 1163 ,
1051 1082 1054 1087 ’

58 1214 124 1279 que
152 1192 313 1257 (twinam.
351 1193 434 1255 Nam
461 1186 606 1255 moitnus
635 1205 697 1267 est,
726 1214 796 1254 eum
816 1192 973 1259 Abraham

59 1312 104 1360 set
124 1318 283 1360 annerum
303 1294 537 1381 qainqnagints
561 1308 651 1371 ουτος
680 1292 753 1356 Sem
779 1310 880 1361 antem
898 1298 973 1361 vixit

60 1416 107 1465 tra
125 1402 289 1465 Abraham
308 1416 408 1461 annos
426 1396 556 1483 triginta
576 1397 725 1483 quinque
765 1396 874 1485 Itaque
900 1422 973 1465 eum

59 1528 110 1572 saa
129 1506 209 1570 vixit
229 1524 329 1568 annos
349 1512 473 1564 eentum
492 1511 525 1562 et
543 1500 665 1575 deeem,
684 1512 716 1562 et
736 1522 807 1567 eum
827 1500 921 1567 Iaeob
941 1514 975 1567 et

59 1633 110 1675 san
131 1629 234 1673 annos
256 1606 493 1693 qninquaginta.
534 1605 638 1689 Quam
664 1602 796 1686 pulchra
821 1602 897 1669 haee
915 1604 976 1669 tuit

59 1715 172 1789 telesia,
203 1722 292 1774 atot
311 1708 455 1773 Patribus
474 1720 537 1769 tam
555 1707 656 1792 longo
676 1716 818 1789 tempore
846 1728 911 1769 una
929 1709 977 1771 ῆι

59 1818 167 1882 entibus
190 1814 390 1900 gubernata?
419 1812 472 1875 sio
490 1808 577 1872 Deus
597 1807 631 1869 in
652 1820 737 1869 tanta
757 1809 977 1876 :sandalorum

59 1918 229 1983 altitudine
250 1916 328 1981 haee
347 1914 463 1981 lumina
483 1912 629 1975 ecclesias
655 1910 756 1977 voluit
780 1914 905 1993 lutere,
934 1936 974 1978 ne

59 2024 133 2087 mnia
154 2022 387 2106 degenerarent
406 2016 440 2078 in
460 2016 646 2079 idolatriam.

106 2147 170 2211 Sed
192 2147 276 2207 inter
298 2162 404 2205 omnes
415 2141 538 2204 excellit
558 2141 628 2225 pius
640 2139 743 2216 Noae,
764 2142 817 2225 qui
837 2142 977 2227 priorem

59 2251 180 2312 madum
201 2264 270 2311 tam
298 2247 395 2330 longo
426 2248 567 2327 tempoie
598 2245 733 2319 viderat,
762 2257 792 2305 et
821 2246 979 2327 sperabat,

62 2352 245 2415 osteritatem
268 2371 357 2411 exse
379 2360 491 2424 netem,
513 2347 701 2408 admonitam
715 2345 861 2407 horribili
881 2369 979 2410 exem·

60 2454 89 2515 io
116 2454 247 2527 diluvii,
266 2472 443 2515 mansuram
463 2451 496 2510 in
517 2450 612 2511 verba
635 2464 665 2511 et
685 2450 797 2512 timore
816 2451 886 2513 Dei.
914 2450 979 2517 sed

59 2578 127 2622 anns
149 2558 247 2618 Pater
267 2553 399 2625 fallitur3
428 2573 502 2613 nam
520 2553 569 2613 vix
590 2565 711 2614 centum
732 2553 820 2614 annis
841 2567 912 2635 post
933 2556 979 2618 di.

59 2659 148 2719 niam
170 2657 346 2732 transactis,
366 2654 501 2718 Nimrod
510 2653 627 2715 invadit
636 2653 721 2735 piam
738 2658 981 2739 generationem,

60 2760 120 2821 ellit
142 2782 214 2821 eam
237 2761 379 2834 sedibus,
400 2757 530 2819 instituit
551 2781 663 2819 novam
684 2760 846 2822 ecelesiam
866 2772 897 2822 et
915 2759 981 2822 eul-

60 2882 222 2936 naevos,
254 2862 387 2925 imitatae
406 2860 504 2943 patris
534 2862 583 2922 sui
603 2862 683 2924 Ham
704 2864 895 2945 exemplum,
925 2863 981 2946 qui

60 2988 67 3025 ι
85 2977 178 3047 patre
200 2985 267 3026 non
289 2976 350 3025 tam
366 2963 450 3037 vino,
473 2985 565 3046 quam
583 2965 666 3026 ouria
682 2964 767 3027 ebrio
789 2966 882 3027 ludos
895 2964 981 3029 facit.

111 3107 165 3171 Sie
186 3111 293 3172 eadem
313 3108 460 3171 ecclesiae
479 3104 570 3169 facies
600 3120 630 3169 et
650 3109 774 3174 fortuna
795 3124 841 3173 est
862 3111 900 3177 ab
922 3110 979 3185 ini-

60 3233 75 3272 a
96 3213 211 3274 mundi
230 3234 331 3296 usque
351 3214 391 3274 ed
411 3233 478 3274 nos.
500 3210 666 3273 Studemus
688 3213 813 3294 quidem
834 3236 891 3275 nos
905 3235 983 3298 quo·

60 3337 94 3376 ue
117 3336 283 3377 occurrere
304 3329 334 3377 et
354 3314 473 3375 mederi
485 3314 650 3390 scandalis3
673 3316 727 3376 aed
749 3317 824 3378 haee
844 3317 984 3401 exempla

60 3438 92 3479 os
112 3418 301 3494 admonent,
324 3420 420 3503 quod,
443 3418 523 3477 sicut
545 3413 688 3477 Christus
708 3417 915 3493 (Mutet-18,
937 3423 983 3490 7.)

60 3519 126 3579 icit:
164 3519 325 3594 „Necesse
347 3524 387 3583 sit
407 3520 509 3582 venire
530 3518 719 3595 seandala“;
752 3534 782 3583 et
802 3520 918 3582 Paulus
940 3527 983 3594 (1.

60 3619 111 3683 ior.
137 3627 193 3697 11,
215 3627 299 3696 190:
323 3622 488 3707 „Oportet
507 3621 587 3686 inter
608 3643 663 3685 vos
683 3623 823 3687 haereses
843 3631 946 3689 esse“.
