2244 4028
438 158 639 262 ¹genesis.
991 186 1031 251 91

85 324 201 391 tsn'lior
222 326 408 411 emergendi
435 327 516 391 ratio
546 338 594 391 est
620 326 705 387 inter
734 323 883 408 ignotos,
910 327 968 391 ubi
994 353 1034 393 na

89 429 221 515 cudens,
243 449 312 513 quo
333 430 443 511 pedem
464 428 713 511 figas„habans‚
734 449 827 509 quam
849 430 953 508 domi,
977 434 1034 496 ubi

47 567 52 596 =
88 533 170 617 agri,
184 531 301 608 amici,
330 533 523 617 propinqui,
552 530 682 617 cognati
702 542 791 609 suot,
818 534 875 595 ubi
896 532 1032 619 denique

47 630 56 704 l.
90 656 129 698 res
147 632 314 698 familiaris
334 634 467 719 pulchre
489 632 654 697 constitute
675 634 743 697 est?

159 778 282 863 Magna
302 778 403 863 igitur
423 793 453 843 et
474 780 624 843 excellens
646 776 782 861 Spiritus
811 780 907 842 ssncti
934 782 1034 847 virtus

94 880 119 943 in
139 882 272 947 Abrshs
292 882 373 959 fuit,
395 884 480 967 quod
500 880 727 964 impossibilia,
747 879 964 961 incredibilis,
985 888 1034 950 in·

96 983 378 1067 comprehensibilia
399 987 455 1049 ista
476 984 582 1070 potuit
610 984 714 1045 ausimo
736 986 920 1067 complecti,
949 1000 1035 1059 etea

47 1079 65 1204 Ἰ
94 1085 251 1183 inspicere,
273 1090 365 1171 quasi
384 1110 467 1164 vers,
489 1100 520 1150 et
540 1089 602 1171 jam
620 1085 791 1168 praesentia
811 1101 926 1149 essent:
948 1112 1036 1173 prea-

49 1213 65 1296 p
92 1187 188 1251 sertim
218 1210 291 1250 oum
322 1191 383 1271 jam
411 1190 573 1254 accederet
605 1190 643 1251 ad
671 1204 835 1253 senectam.
875 1192 959 1253 Nam
978 1191 1037 1255 luit

48 1309 53 1330 ³
90 1314 238 1355 annorum
258 1290 419 1366 LXXV..
448 1290 523 1357 Sara
549 1307 650 1356 autem
680 1293 828 1358 decennio
855 1294 976 1373 minor,
1006 1309 1036 1360 et

46 1391 49 1398 ’
89 1394 208 1481 quidem
231 1394 348 1458 sterilis
370 1408 445 1457 crat.

161 1530 264 1606 Haec,
287 1552 405 1615 quaeso
426 1544 475 1607 ta,
497 1530 656 1615 womodo
678 1531 869 1595 conveniunt
888 1552 959 1595 cnm
980 1534 1037 1599 hsc

87 1632 314 1717 promissione:
336 1680 358 1710 ‚,
368 1616 493 1695 Faciam
506 1646 535 1695 tc
545 1636 579 1695 in
600 1647 724 1721 gentem
744 1638 945 1719 magnam“?
966 1638 1038 1725 sig.

91 1734 187 1798 nificat
208 1736 316 1812 enim,
345 1734 413 1797 fora
439 1749 584 1820 posteros
613 1737 680 1819 ejus
707 1759 854 1821 magnum
876 1751 907 1800 et
925 1739 1039 1827 ingen·

91 1852 147 1901 tem
164 1837 336 1921 populum.
377 1838 426 1903 At
445 1838 528 1909 unde
549 1849 715 1899 nascentur
734 1839 862 1920 posteri,
883 1862 955 1901 oum
977 1862 1039 1903 ma·

94 1940 264 2004 trimonium
289 1939 442 2005 Abrahae
461 1939 501 2001 sit
521 1939 651 2001 sterile?
687 1940 752 2001 Hss
772 1940 911 2027 ingentes
930 1942 1039 2007 infide-

90 2044 176 2105 litatis
197 2043 314 2117 moles,
337 2042 395 2101 lios
417 2040 582 2101 altissimos
603 2055 735 2117 montes,
758 2065 965 2127 oppressuros
984 2069 1040 2130 pc-

89 2148 166 2209 nitus
187 2142 305 2220 fidem,
335 2155 456 2207 sanctus
478 2143 656 2205 Putriarclso
686 2141 749 2205 fids
777 2146 870 2207 uisscit
892 2160 921 2208 et
941 2159 1040 2209 trans·

92 2250 200 2324 cendit,
221 2270 259 2310 sc
283 2248 468 2330 simpliciter
489 2248 591 2309 haeret
611 2248 644 2307 in
666 2246 817 2309 hocuno:
839 2248 931 2323 Ecce,
953 2248 1039 2311 Deus

94 2352 149 2413 hoc
166 2350 344 2435 promittit3
366 2372 429 2410 non
449 2349 546 2433 igitur
567 2349 654 2411 fallet
676 2363 721 2425 te,
743 2350 799 2411 etsi
821 2373 921 2433 neque
940 2353 1039 2429 viam,

95 2478 147 2517 nec
165 2455 314 2527 modum,
344 2471 444 2532 neque
470 2454 560 2513 etiam
589 2465 711 2533 tempus
740 2453 918 2537 implendae
944 2456 1039 2540 hujus

93 2556 309 2642 promissionis
330 2556 442 2619 videas.

167 2681 385 2743 Posteritatem
413 2678 557 2739 Abrahae
592 2689 682 2737 vocat
707 2676 863 2739 Dominus
891 2702 1040 2766 magnam

95 2798 230 2869 gentem,
254 2804 318 2843 uon
340 2781 441 2841 solum
463 2778 676 2860 magnitudine
699 2781 873 2860 temporali,
897 2804 951 2844 ssu
972 2806 1041 2845 cor-

96 2888 203 2972 porali,
224 2887 279 2948 sed
302 2884 393 2945 etism
410 2882 621 2967 magnitudine
634 2881 804 2963 spirituali3
825 2885 868 2946 sic
883 2900 993 2962 tanuen,
1005 2902 1041 2950 ut

100 2992 176 3053 sitin
197 2988 254 3050 hac
274 2988 434 3068 corporali
456 2988 524 3049 sito.
546 2988 789 3069 Distinguendus
810 2988 891 3049 enim
913 2990 965 3050 hic
984 3013 1041 3073 po-

102 3094 185 3175 pulus
206 3103 253 3153 est
273 3090 314 3149 ab
336 3089 481 3151 omnibus
504 3092 597 3151 totius
619 3090 722 3163 orbis,
749 3091 859 3173 regnis
888 3105 918 3152 et
939 3114 1042 3175 popu·

103 3195 150 3269 lis,
182 3193 381 3276 quantumvis
410 3195 529 3275 magnis
562 3209 591 3254 et
626 3195 816 3275 potantibus.
864 3196 926 3256 Dat
954 3197 1041 3260 Deus

106 3297 181 3359 etiam
202 3296 353 3379 gentibus
374 3316 487 3377 regua,
509 3317 544 3355 sc
564 3295 722 3356 coustituit
743 3296 890 3357 terminos
915 3321 1039 3363 eorum:

108 3401 171 3463 sicut
189 3401 305 3463 Daniel
328 3406 376 3472 (Q,
399 3403 464 3469 91.)
488 3399 698 3459 concionatur.
728 3395 790 3458 Sed
812 3401 863 3460 dat
884 3422 917 3461 ea
939 3407 1043 3465 occul·

43 3566 45 3571 ,
110 3504 301 3577 wcousilio,
321 3500 539 3587 ignorantibus
560 3501 651 3561 etiam
673 3500 752 3573 illis,
781 3502 894 3583 quibus
916 3525 949 3564 ea
971 3507 1041 3579 dst3

43 3667 48 3676 ,
112 3586 306 3688 putantlenim
327 3626 396 3669 csse
416 3604 580 3668 fortuitum
601 3605 768 3687 quiddam,
796 3604 881 3667 nasci
902 3621 956 3669 aut
975 3605 1042 3672 fieri
