2244 4028
479 95 714 228 ganertaxn
985 144 1094 247 57'¹

61 316 65 323 ’
162 292 243 359 Nem
263 290 448 359 vocabulum
460 292 546 384 Deua
566 288 763 375 relatire'hic
784 291 949 383 tigniflmt,
970 296 1028 380 qui

84 395 205 460 scilicet
224 397 361 460 creditur
381 419 400 458 a
420 397 700 478 seminatoribus
720 406 787 479 etet
807 395 911 475 Deua,
932 410 964 460 et
983 398 1029 463 ti-

84 498 187 561 ciaaim
210 520 243 561 aa
263 497 375 563 remini
395 497 537 583 Abrahae
559 501 599 563 'ut
614 484 720 563 Daton
739 492 784 561 'et
798 499 1031 569 ueteranum-2

84 600 275 666 nefactorem
303 600 450 666 ostendit·
488 599 602 686 Neque
627 601 711 663 enirn
735 599 846 664 cavillo
867 601 919 666 hic
938 602 1029 667 locor
1060 646 1090 671 .,.

85 718 149 783 eat3
171 725 263 791 aqua,
282 704 343 780 acl,
367 701 443 765 luna
463 694 555 776 etiarn
575 703 753 788 intelligunt
773 701 889 797 Deum:
911 698 1032 769 faciunt
1096 717 1101 727 ’

86 809 171 871 enim
196 800 386 871 voluntatem
412 804 490 869 Deir
521 828 579 869 noa
606 807 657 870 hie
684 806 845 924 loquimur
880 805 920 869 de
955 818 1039 871 vero·

86 911 280 994 promissore
299 922 329 973 et
349 910 388 972 tie
408 909 504 973 verbo
524 907 746 993 promistiouia.
767 907 805 971 td
817 909 948 982 verbum
967 930 1032 974 cer·¹
1066 932 1072 939 ¹

87 1025 119 1077 te
140 1008 203 1076 no'n
224 1015 282 1091 eol,
302 1035 367 1076 non
386 1012 486 1099 ligna,
504 1032 569 1074 nou
588 1011 657 1091 boe,
677 1032 742 1075 uon
756 1009 860 1075 rainae
873 1012 1051 1099 iutelligit·

169 1117 346 1203 Sequitur
336 1115 433 1203 igitur
452 1116 515 1192 (aio
535 1115 618 1178 enim
637 1126 775 1202 arguunt
794 1106 911 1188 Iudaei}
914 1163 922 1194 ,
896 1117 1032 1200 Jqood
1089 1104 1103 1137 '¹

90 1219 284 1285 circumcisio
310 1218 464 1304 jurofioat
504 1217 642 1281 Includit
670 1214 751 1281 euim
781 1219 1033 1307 promittiouenj

89 1325 154 1388 imo
176 1335 275 1387 retem
295 1321 369 1387 fecit
385 1321 649 1406 promiteionetn,
669 1321 758 1402 quod
777 1318 864 1383 Dour
884 1321 925 1383 rit
944 1324 1034 1387 enni·

90 1426 124 1488 ni
143 1425 288 1490 Abrahae
308 1421 431 1490 tuturo·
452 1422 547 1489 Dent.
583 1414 656 1485 Niai
676 1420 768 1515 enirn
780 1420 1035 1501 circumcideren-

91 1542 154 1605 tur,
174 1526 340 1611 promissio
359 1526 466 1590 locuto
486 1545 552 1589 non
572 1523 808 1601 habercttnrm
829 1547 892 1589 uon
906 1527 1034 1594 docum-

93 1633 150 1698 ciai
170 1643 243 1695 tunt
261 1628 457 1708 eradicandi,
477 1628 539 1692 hoo
559 1639 623 1704 eet,
642 1644 709 1688 nou
728 1625 844 1693 habeat
863 1622 974 1709 Deuin.
1029 1666 1033 1675 ·

173 1734 264 1819 Quid
283 1733 335 1797 hic
355 1730 516 1817 dicerunt?
533 1729 619 1796 Cum
631 1732 714 1794 eu'im
734 1728 850 1797 dictum
866 1731 920 1811 rit,
939 1724 1039 1801 aare

94 1841 167 1903 ham
189 1837 316 1902 suinae
304 1848 420 1922 Jattura
441 1848 512 1899 aute
530 1833 819 1911 circumcisionem,
845 1834 898 1899 hio
917 1848 1038 1901 conum
1058 1878 1061 1885 ,

96 1943 176 2006 rium
198 1940 351 2017 statuitur,
372 1936 507 2024 quoti
478 1939 672 2004 urcunciuo
694 1936 801 2015 iaciat,
821 1949 857 2000 ut
876 1936 961 2002 Dect
981 1962 1038 2005 no·

96 2048 146 2110 bie
167 2047 207 2109 eit
226 2045 321 2109 Deua.

176 2145 378 2230 Respondeot
405 2141 582 2205 Abrahamo
611 2155 656 2205 eet
683 2143 753 2206 data
775 2142 984 2221 circumcisio,
1004 2157 1040 2207 ut

98 2271 157 2334 per
184 2271 254 2312 eum
282 2256 509 2333 propagaretur
532 2244 567 2306 in
593 2266 715 2308 ornnem
744 2247 952 2330 posteritatem
981 2249 1041 2313 hoc

100 2355 225 2438 signum
245 2348 395 2424 foedarim
421 2347 519 2433 igitur
538 2345 636 2432 longe
657 2349 715 2410 alia
736 2349 815 2411 ratio
837 2347 896 2411 fuit
916 2353 1043 2414 circum·

102 2455 228 2518 cisionis
249 2452 283 2519 in
302 2451 443 2527 Abraha,
464 2463 495 2514 et
516 2449 576 2513 alia
596 2451 630 2511 in
650 2451 716 2536 ejua
737 2453 924 2534 posteritate.
967 2454 1044 2518 Erat

100 2561 164 2644 jam
187 2568 275 2620 antea
295 2555 381 2617 Deua
402 2552 486 2617 Deua
506 2551 656 2630 Abrahae,
679 2556 758 2617 aicut
770 2553 877 2617 Moaea
900 2557 981 2620 clare
1001 2570 1043 2621 te·

101 2676 216 2726 statur:
245 2659 344 2744 igitur
362 2675 422 2741 per
442 2653 706 2721 circumcisionem
733 2677 797 2717 non
818 2657 956 2741 primum
977 2682 1046 2724 coe-

100 2768 150 2852 pit
171 2763 324 2827 Abraham
351 2756 418 2824 fieri
438 2756 498 2820 Dei
518 2754 628 2832 'filiun
658 2769 825 2834 ettamen,
855 2760 930 2843 quia
957 2762 1047 2845 justit

100 2872 188 2935 Deua
209 2889 278 2930 curn
300 2862 500 2937 circumcidi,
525 2860 615 2923 nullo
643 2861 739 2922 modo
765 2861 870 2923 debuit
895 2864 1047 2928 voluntati

103 2974 165 3035 Dei
185 2970 333 3032 resistere.
366 2962 549 3029 Poateritati
569 2975 668 3024 autem
688 2963 832 3025 Abrahae
855 2965 1047 3031 circumcisio

105 3070 164 3132 fuit
195 3070 387 3152 symbolum,
416 3054 504 3152 quod
531 3078 631 3129 errent
657 3065 785 3128 heredes
817 3069 1048 3150 promissionis,

108 3197 187 3260 quae
209 3174 350 3235 Abrahae
371 3166 470 3234 adhuc
490 3168 521 3228 in
543 3165 706 3250 praeputio
728 3180 792 3229 erat
813 3167 903 3231 facta.

188 3276 241 3338 Sic
272 3274 479 3336 neceesarium
507 3267 674 3332 discrimen
701 3265 829 3331 facimus
857 3270 939 3332 inter
970 3274 1049 3355 opua‘

108 3393 138 3442 et
159 3399 248 3460 opus.
272 3376 356 3438 Cum
374 3364 585 3457 baptizaretur
605 3371 749 3435 Christua
771 3385 800 3434 et
821 3395 891 3435 oum
909 3375 1051 3458 ncubap·

107 3483 250 3555 tizamur,
273 3479 360 3562 quod
380 3474 543 3556 adipsum
565 3494 647 3556 opus
668 3475 793 3549 attinet,
821 3476 901 3536 nihil
928 3479 1052 3541 intereat

108 3586 190 3646 inter
210 3584 402 3664 Baptismuoa
415 3576 531 3644 Christi
551 3590 583 3639 et
602 3575 736 3639 aliorum
753 3579 958 3657 credentium3
980 3583 1052 3644 utri.
