2244 4028
127 141 195 235 §32
250 188 254 199 .
327 94 889 221 ‘Decimusrzoonum'oaput

137 360 142 367 ,
208 287 277 355 Cur
296 300 404 352 anm.
416 284 493 351 dicit
511 287 637 386 Moses,
657 311 727 355 non
750 278 927 351 sensisse?
961 287 1060 377 Respu-

77 474 80 479 .
129 388 273 475 alrert
292 386 446 478 significet
466 413 616 457 summam
636 392 952 478 perturbationem,
972 400 1076 476 qussi·

39 536 47 549 -
90 478 93 485 ’
129 507 256 578 sorptus
277 507 386 576 postea
405 472 471 559 nou
495 496 652 585 meminit,
683 494 773 578 quid
802 493 934 557 feeerit.
963 495 1059 581 ‚Expenss

128 621 201 662 mur
221 598 304 660 enim
333 597 447 659 idem
437 620 469 657 ro
489 599 659 660 levioribus
679 597 857 673 rebus,
844 620 882 658 ιιι
904 598 1060 667 melanehsii

46 744 56 755 -
101 704 175 766 -ois
202 714 232 764 et
259 698 465 775 amatoribus,
501 721 634 785 quorum
670 698 810 764 effeetus
852 698 1074 770 vehementiorui

130 790 211 879 s'uut,
228 800 534 888 quodmultadiount
546 816 575 863 et
589 793 717 880 faciunt,
735 825 892 899 quorum
902 772 1074 917 posthum}

131 894 266 993 emplius
280 907 493 968 meminerunt.
523 898 668 967 Amantes
681 904 771 966 enim
782 928 864 968 rere
874 921 1074 1005 suntamsntu¹
1117 980 1119 985 ¹

130 1012 162 1075 et
173 1012 232 1073 sibi
247 1004 364 1073 somnia
380 1005 510 1094 fingunt,
526 1014 560 1069 ut
573 1019 665 1091 poe'ta
683 1001 837 1094 [Virg.⁴
815 1006 891 1072 [int
900 1016 932 1085 8,
944 1012 1074 1087 108)
1026 1029 1074 1083 ιιι

129 1135 195 1177 non
202 1112 320 1198 igitur
347 1133 461 1173 novum
489 1108 610 1191 aliquid
637 1121 698 1187 est,
730 1110 831 1195 ¹quod
863 1111 1005 1197 aliquis
996 1116 1060 1181 ιιιίι

131 1204 213 1335 signi
234 1226 361 1297 stupore
382 1210 474 1274 faeiat
492 1233 575 1287 rem,
602 1214 692 1294 cujus
714 1228 839 1297 postea
870 1236 938 1293 nou
959 1218 1060 1282 meniu

130 1314 180 1380 rit
226 1312 369 1379 iuda'ei
359 1316 456 1401 igitur
484 1329 556 1377 sunt
576 1316 649 1376 mali
679 1315 864 1378 dialectici.
910 1302 986 1378 Non
1010 1322 1061 1384 enin

130 1416 284 1507 s'nriptura
305 1416 395 1493 dicit,
418 1418 503 1502 quod
523 1413 607 1479 Loth
628 1435 691 1479 non
714 1417 860 1480 senserit
877 1398 1076 1485 concubitum·

131 1520 193 1587 boo
215 1522 308 1598 (linit,
330 1523 497 1583 surrexisse
519 1543 607 1596 eum,
635 1533 664 1582 et
684 1520 891 1598 nescivisse,
921 1523 1073 1605 quodne·

131 1618 284 1689 oubuerit.
327 1618 484 1687 Describit
505 1620 587 1685 enim
608 1618 721 1701 Moses
747 1625 1007 1710 magnitudinem
1023 1644 1076 1710 pn·

131 1730 360 1804 turbationum,
389 1742 419 1791 et
443 1749 529 1806 non,
556 1740 591 1789 nt
610 1727 702 1810 porci
724 1728 780 1791 isti
804 1729 976 1814 judicant,
994 1730 1060 1794 ittera

60 1894 63 1903 ,
131 1833 204 1898 bras
224 1831 503 1914 concupiscentiae.

211 1970 356 2049 Pertinet¹
375 1999 476 2049 autem
504 1980 544 2048 ad
571 1984 781 2052 excusandum
816 1999 968 2067 sanetum
986 1984 1078 2063 sirm'

133 2094 221 2178 qnod
241 2112 304 2153 non
327 2091 427 2151 solum
448 2089 483 2149 in
505 2111 622 2150 summa
642 2088 898 2170 perturbatione
920 2089 1061 2166 fuerit,sei

117 2198 224 2258 'etiam
247 2217 265 2256 a
285 2190 409 2254 filiabus
430 2191 610 2251 inebriatus.
662 2188 878 2254 Conveniunt
910 2194 1003 2278 igitur
1024 2195 1061 2254 dno

36 2340 39 2345 -
132 2297 347 2370 incommoda,
375 2293 566 2376 perturbatio
593 2305 726 2355 extrema
754 2307 791 2356 et
825 2294 982 2369 ebrietas,
1012 2315 1062 2377 que

132 2402 222 2465 facile
251 2397 447 2483 perturbatos
476 2404 615 2476 occupat.
655 2394 743 2478 Quid
772 2394 890 2481 igitur
919 2396 1063 2468 mimmii

85 2562 91 2577 ,
133 2512 221 2567 mane
250 2500 395 2575 nescivit,
427 2499 511 2582 quod
539 2509 634 2558 noctu
661 2493 759 2557 feeit?
807 2496 938 2563 Ebrius
958 2496 1064 2579 loquitur

133 2605 267 2691 siiquid‚
289 2614 319 2665 et
339 2604 418 2663 bene
440 2599 541 2674 sentit,
562 2597 703 2680 aeloqui.
734 2597 782 2659 Et
805 2609 920 2661 tamen
932 2615 1064 2682 postson

133 2732 209 2776 uum
230 2730 294 2769 non
315 2703 451 2765 meminit
472 2722 596 2774 eorum,
616 2718 694 2783 quas
715 2697 851 2763 loeutus
874 2715 936 2764 est.
1081 2768 1087 2829 Ι

211 2852 294 2914 Haeo
315 2863 360 2912 est
379 2868 448 2912 mea
468 2843 615 2932 cogitatio
636 2844 674 2907 de
693 2843 755 2907 hoo
779 2843 871 2911 loeo.
919 2846 1085 2913 Nouem.

132 2976 262 3041 possm
282 2951 377 3027 ferre,
398 2948 484 3034 quod
504 2966 594 3034 canet
614 2945 665 3008 isti
686 2948 820 3025 dieunt,
844 2951 966 3014 Mosen
984 2953 1084 3015 sonbe-

132 3079 168 3120 ro
187 3054 401 3138 impossibilia.
442 3053 559 3129 Usitata
578 3049 654 3110 haeo
674 3061 768 3127 sunt,
792 3053 897 3115 etiarn
919 3055 952 3115 in
972 3050 1083 3116 leviori'

107 3161 192 3227 ιῙιιιι
220 3155 519 3243 perturbationibusr
547 3168 583 3215 ut
610 3175 679 3215 oum
710 3154 762 3215 vel
794 3157 1016 3233 melancholia,
1031 3150 1085 3215 ru

133 3287 256 3341 amore,
283 3264 331 3328 rel
358 3261 418 3323 alio
446 3271 533 3320 motu
561 3254 655 3318 animi
675 3271 905 3338 occupantur,
936 3282 996 3322 non
1011 3280 1085 3337 san-1

132 3392 191 3456 per
211 3366 403 3431 meminerint
430 3381 556 3436 eorum,
586 3380 665 3445 quae
692 3356 841 3459 fecerint·
889 3362 967 3424 Non
991 3361 1085 3445 igitrr'

132 3469 342 3555 impossibile,
364 3461 418 3526 sed
439 3462 651 3546 quotidianum
672 3472 702 3522 et
721 3461 883 3526 usitatum
906 3478 968 3542 est,
986 3463 1060 3525 othe

132 3596 184 3639 mo
206 3574 293 3638 eadat
311 3573 344 3633 in
363 3579 482 3632 tautum
504 3563 644 3627 affectum
664 3566 805 3646 umoris,
827 3567 921 3645 odii,
942 3564 1057 3636 tristitiae,
