2244 4028
102 142 165 243 ,3119
324 136 530 223 Deeimam
551 155 703 223 nonum
729 100 865 215 eaput
891 149 894 153 ·

187 285 282 369 Quod
302 285 408 349 Moses
436 285 475 349 d'e
502 299 618 348 mutato
649 281 793 347 nomine
827 276 971 363 oppiduli
986 279 1045 347 Ζιιι

107 389 209 461 addit,
231 410 309 479 quae
330 402 421 451 antea
440 387 518 450 Belo
538 389 725 464 dicebatur,
757 384 839 447 ideo
863 379 917 454 fit,
945 383 1032 449 otiien

63 494 68 509 '
109 513 174 554 eam
196 510 258 549 nov
260 511 279 550 o
300 489 426 551 nomine
446 478 591 577 insigniat
610 491 643 553 in
666 487 867 571 exemplum
890 483 1033 567 posten‘tdq

109 606 144 653 ut
164 591 230 672 ipsa
252 611 379 673 quoque
407 594 503 659 diaoat
529 593 639 655 timere
668 593 788 689 Deum
818 588 1034 671 exercentenja

68 751 70 759 .
111 695 228 757 dicium
257 714 351 776 super
379 695 509 778 impios,
538 708 568 757 et
587 680 732 778 >sperare
764 684 803 756 in
837 688 1035 754 miserieordiu

112 797 203 877 ejus„
232 810 268 857 ao
295 808 399 890 petere
429 797 583 859 auxilium.
621 796 810 880 Utrunque
844 790 932 853 enim
959 789 1036 858 hisnu

26 948 29 962 .
110 882 187 963 haee
207 897 442 985 eompleotitur:
463 898 675 961 Sodomorum
696 896 865 959 interitus
888 893 1037 976 pertinetd

110 1000 272 1061 terrendos
299 998 430 1080 impios,
467 988 615 1061 liberatio*
638 998 732 1062 Loth
763 1021 847 1062 eum
877 1008 943 1057 un
965 996 1038 1064 liheui

111 1101 305 1165 exauditione
326 1100 479 1164 orationis
499 1102 682 1164 consolatur
703 1103 810 1187 pios,
848 1113 889 1162 ut
918 1099 950 1160 ia
967 1103 1037 1183 peria

111 1203 151 1265 lis
172 1213 279 1279 orent,
301 1215 332 1266 et
353 1215 478 1287 sperent
497 1205 709 1290 ipsiquoque
734 1203 978 1269 liberationem.

112 1370 162 1436 Et
187 1370 251 1433 sol
280 1372 357 1455 jam
386 1393 581 1459 egressae
616 1385 710 1437 erat
753 1394 897 1457 super
923 1385 1038 1455 terren,

92 1468 328 1549 ΧοιιιιιΪῙιιιῑΙι
349 1474 722 1552 intraretZoae‚et
740 1467 958 1539 Dominus
974 1476 1038 1559 pluit

114 1575 467 1659 supersedentem
497 1577 808 1642 etGomors-am
843 1569 1038 1660 sulphure!

16 1704 19 1709 ·
111 1676 246 1761 ignem
267 1698 283 1739 a
305 1660 495 1755 Domino,
516 1694 555 1744 et
575 1682 799 1746 subvertit
824 1678 1038 1744 oi'vitateeil

112 1776 783 1868 issettotemillamregionem‚
818 1803 1038 1869 omnesque·

81 1896 190 1968 xque
217 1872 479 1947 habitatores
509 1884 677 1949 illarum
698 1885 907 1975 urbium,
937 1899 1038 1973 elger-

463 2000 734 2061 mentes-rae.

194 2062 366 2235 Singularis
392 2124 446 2188 hic
473 2123 595 2207 phrasis
622 2135 685 2198 eet,
718 2120 815 2204 quod
851 2121 962 2186 Moses
985 2122 1039 2200 tint

113 2181 211 2288 solem
234 2226 400 2317 egressum
411 2240 506 2310 aupes*
525 2242 648 2290 terrem.
677 2223 840 2288 Ostendit
863 2239 978 2304 autem,
990 2228 1040 2290 bob

113 2338 144 2387 et
165 2347 237 2388 suos
260 2327 318 2389 sub
340 2338 482 2390 auroram
503 2329 689 2404 surrexisse,
719 2341 752 2391 et
773 2328 1017 2412 compulsos
986 2351 1041 2404 emt,

114 2426 289 2499 ambulasse
311 2452 381 2497 enm
404 2431 469 2492 suia
491 2429 675 2504 sarcinulis,
701 2451 814 2512 pane,
846 2446 931 2517 potu
956 2414 982 2497 et
1001 2435 1041 2496 aliu

113 2531 312 2608 necessariis,
334 2545 364 2593 et
384 2533 501 2595 venisse
522 2531 555 2591 in
577 2528 765 2613 oppidulum
791 2532 897 2610 Zoar,
919 2532 1042 2620 qnodlon

114 2642 145 2696 t'a
164 2632 272 2695 Italico
295 2633 422 2696 milliari
448 2657 465 2696 a
497 2632 640 2697 Sodomis
669 2632 790 2709 aberat.
852 2634 955 2720 Quod
979 2639 1043 2722 igitu

114 2720 273 2822 egsessum
295 2735 392 2800 solem
414 2735 505 2814 dicit,
545 2735 672 2798 fortasse
692 2735 799 2798 voluit
822 2738 939 2802 Moses
959 2739 1044 2828 signil-

116 2859 188 2902 oare
214 2836 430 2910 liberationem
458 2837 590 2929 generis·
614 2835 741 2898 humani
760 2861 828 2922 per
849 2840 976 2908 Filium
1000 2843 1044 2907 Dei

114 2939 177 3004 S'ed
198 2939 275 3002 haee
296 2936 471 3003 differemus
491 2959 591 3023 usque
612 2938 651 3001 ad
671 2941 880 3029 allegoriam.

192 3041 281 3126 (luae
304 3045 493 3126 sequuntur,
514 3042 573 3105 etsi
592 3041 698 3107 brevia
719 3058 816 3123 sunt,
849 3057 961 3110 tameo
980 3059 1046 3111 tauto

111 3167 162 3210 rea
183 3145 451 3231 complectuntur,
473 3156 509 3208 ut
528 3144 664 3208 bumana
684 3147 835 3212 oratioue
857 3151 992 3235 exprimi
1009 3173 1047 3215 uos
1079 3188 1082 3195 ·

111 3251 243 3334 possint.
266 3248 418 3333 Quinque
439 3246 576 3310 civitates
598 3248 857 3332 opulentissimae
882 3267 918 3316 et
939 3253 1047 3331 virentes,

114 3353 186 3417 oum
205 3352 356 3421 uniuersis
376 3347 614 3426 habitatoribus,
629 3351 835 3432 animalibus,
855 3355 972 3443 hortis,
984 3359 1049 3446 agni,

111 3457 274 3549 subversae
304 3477 370 3521 esee
399 3446 434 3514 in
461 3472 524 3514 uua
544 3461 741 3534 tempestate,
769 3456 851 3540 quis
879 3480 953 3523 non
973 3466 1049 3526 exhor.

111 3559 236 3621 rescat?
268 3548 411 3642 Quantus
431 3555 475 3618 ibi
497 3555 647 3641 ejulatus,
668 3573 805 3645 quantus
830 3560 960 3626 elamor
978 3530 1073 3628 boni·⁸
