2244 4028
427 158 431 167 ’
482 170 669 255 ganniat.
731 226 735 233 .
1003 174 1046 239 ὅθ

101 322 173 385 ni-
205 333 325 383 eartaaa
344 318 471 395 melam,
497 334 528 383 et
556 319 698 405 arqrritur
724 318 896 414 inormem
913 318 1046 391 rafim

103 424 221 507 quiden
238 436 332 487 eerta
352 420 428 497 fait,
448 423 504 485 aed
523 423 562 487 ia·
575 422 713 506 »pariam
732 420 867 501 ineerta,
881 421 951 485 -iaaa
972 444 1047 507 poa·
1072 486 1076 498 ,

67 566 72 594 ·.
104 530 230 595 auriane
252 539 286 591 et
312 546 374 587 aaa
402 546 533 609 promae
553 522 659 597 nulia,
686 520 766 583 riaut
792 524 925 593 hiatoria
946 535 1046 587 arteni
1075 508 1078 517 ¹

72 650 77 660 ·
107 632 152 695 tit.
189 630 264 691 Hae
285 624 450 709 magnifiee
477 626 673 693 commendat
693 624 810 701 David,
841 638 871 689 et
896 639 1046 711 tanquam

107 730 299 795 mirarabile
320 728 496 809 exemplum
516 728 668 818 prepaait
685 726 810 791 Psalmo
827 734 877 799 39·
889 741 943 801 (r.
960 736 1044 803 133}

110 834 218 911 ,sum
244 830 368 915 inquit,
397 830 582 915 peregrinae
602 842 633 893 et
652 830 729 893 eirir
749 845 842 909 tuae,
869 832 949 895 aient
979 854 1046 897 aaa,

110 960 154 1001 rer
171 949 277 1021 patrea
297 934 398 995 mei“·
1036 988 1043 999 .

174 1038 264 1122 Quid
283 1034 411 1123 igitur?
434 1032 574 1113 inquiet,
593 1052 700 1095 aenne
718 1032 820 1097 David
840 1056 892 1097 rex
911 1050 995 1111 erat,
1016 1050 1047 1099 et

110 1140 244 1203 taurinae
265 1152 377 1213 terrae,
399 1154 478 1219 quae
495 1133 641 1198 Abrahae
660 1135 949 1219 reminipromiara¹
961 1136 1046 1207 faia?

66 1245 74 1256 “
103 1242 239 1325 Denique
270 1242 340 1324 ipae
362 1239 540 1314 Abraham,
568 1239 626 1301 etei
644 1238 731 1309 exea-l
753 1236 829 1315 fait,
856 1254 963 1303 tamen
982 1242 1055 1311 iaie.

64 1331 77 1407 r'
101 1346 131 1407 ia
149 1366 184 1405 re
206 1345 311 1419 lauta,
340 1356 372 1406 et
392 1341 501 1405 babuit
521 1344 668 1405 maximae
688 1364 774 1423 oper.
816 1340 1047 1427 Verajqnideaa

64 1441 68 1467 ‘
99 1446 171 1509 baea
190 1460 285 1522 ruat,
306 1458 461 1510 ettamen
482 1443 606 1507 fuerant
626 1444 760 1517 exauler,
781 1446 855 1527 quia
872 1448 1049 1511 habuerant

99 1550 181 1627 brer,
199 1572 238 1613 aa
258 1550 286 1613 ai
306 1570 372 1611 aaa
392 1548 548 1610 baberent.
568 1544 657 1609 Sient
677 1548 808 1630 epistola
828 1548 870 1609 ad
890 1549 1047 1614 Hebraeae

101 1660 142 1728 (l.
164 1650 241 1715 Cor.
265 1656 307 1728 7,
328 1655 394 1723 31.)
416 1663 560 1714 testatur:
582 1662 730 1727 „uteatee
749 1651 880 1729 mundo,
900 1664 1049 1739 tanquam

101 1776 160 1816 aaa
179 1766 306 1815 atentee
317 1760 346 1813 “.

176 1856 234 1921 Ad
256 1856 346 1919 bane
368 1855 496 1918 modam
516 1848 666 1915 omnibaa·
689 1854 884 1933 temporibus
906 1856 939 1919 in
959 1878 1050 1923 nana.¹

108 1960 147 2023 de
169 1958 297 2036 virunt3
330 1970 525 2042 occupantur
552 1955 680 2041 quidem
713 1958 979 2023 oeconomieia'et
1007 1964 1050 2026 ci.

104 2064 211 2125 rih‘bua
243 2062 378 2138 studiis,
412 2056 587 2147 gubernant
618 2058 808 2139 respublicas
843 2077 872 2124 et
900 2063 1048 2145 familiai,

103 2166 282 2239 aedificant,
314 2168 425 2227 colunt
445 2187 555 2247 agros,
582 2174 723 2227 exercent
744 2178 967 2243 mercaturam,
997 2182 1051 2233 aut

105 2268 273 2330 manuarias
297 2287 426 2349 operas,
455 2281 607 2329 ettamen
628 2279 820 2347 agnoscant,
852 2288 885 2329 ae
906 2280 976 2331 eam
997 2280 1051 2353 pf.

109 2371 200 2431 tribur
219 2390 290 2430 esse
313 2369 431 2431 exaulea
459 2380 488 2428 et
514 2367 670 2449 hospitae:
699 2380 829 2427 utuntur
855 2369 938 2431 enim
963 2396 1053 2435 mun·

111 2473 147 2533 de
166 2487 314 2555 tanquam
337 2469 517 2547 diversorio,
537 2492 573 2531 ex
594 2492 658 2552 quo
680 2471 892 2553 emigrandum
902 2474 988 2537 brevi
1001 2480 1051 2557 rit,

108 2596 165 2639 aaa
183 2587 355 2659 apponunt
375 2594 430 2635 eor
450 2574 490 2634 ad
519 2575 611 2657 hujua
640 2573 718 2635 vitae
739 2576 884 2657 negotia,
911 2580 965 2641 aed
986 2593 1052 2645 tan·

108 2700 193 2760 qaam
214 2677 344 2738 sinistra
365 2698 456 2737 manu
478 2674 653 2757 corporalia
686 2689 813 2751 curant,
846 2679 981 2744 dextram
1009 2686 1052 2748 ie·

62 2798 67 2807 ·
109 2791 176 2839 rant
197 2800 321 2840 aureum
344 2781 384 2843 ad
404 2793 555 2841 aeternam
572 2777 719 2859 patriamt
741 2799 788 2851 ac,
809 2779 837 2839 ei
858 2785 983 2863 quando
1004 2808 1052 2850 ao.

112 2882 196 2956 eidit,
216 2896 251 2941 ut
272 2883 416 2944 turbetur
426 2884 555 2966 aliquid,
576 2882 627 2943 vel
646 2878 678 2939 ia
697 2878 871 2958 republica,
886 2888 942 2948 rel
964 2911 1054 2953 oeeo.

115 2986 225 3058 nomia,
256 2987 354 3062 nihil,
385 3004 437 3050 ant
457 3008 566 3071 [aarum
589 2993 762 3043 moventur.
803 2981 884 3045 Satis
905 2988 987 3050 enim
1009 3006 1054 3055 eet

117 3086 169 3161 eir,
188 3101 350 3171 uteunque
368 3091 401 3150 ia
422 3087 668 3152 hoedireraorio
689 3097 868 3160 tractentur,
891 3094 977 3172 quod
998 3116 1055 3158 no.

63 3228 66 3233 ·
120 3202 180 3249 rant
199 3203 341 3253 aeternae
363 3193 539 3254 mansiones
560 3214 578 3251 a
598 3190 626 3250 F
628 3189 682 3249 itio
704 3188 763 3249 Dei
783 3202 916 3269 paratae.

185 3291 301 3353 Merita
322 3294 424 3378 igitar
443 3290 700 3375 acriptarasadem
723 3291 986 3357 sanctissimorum
1001 3299 1057 3364 bo.

124 3392 224 3455 ninam
246 3394 410 3471 Abrahae,
439 3396 525 3459 Sarai
549 3407 578 3453 et
599 3392 683 3452 Loth
704 3395 909 3469 commendat,
932 3410 963 3457 et
983 3422 1057 3481 pro.

125 3496 196 3574 ponit
216 3506 365 3579 tanquam
389 3498 587 3560 memorabile
608 3494 800 3577 exemplam,
829 3494 861 3553 in
890 3501 976 3577 quod
998 3525 1057 3567 nor

126 3618 310 3678 peromnem
331 3601 426 3663 vitam
446 3601 630 3663 intueamur.
671 3595 752 3659 Sunt
777 3608 878 3659 tamea
906 3599 981 3665 haer
1000 3606 1057 3668 iai-
