2288 4042
137 170 201 237 ill)
316 212 321 221 .
355 168 561 236 Decimum
581 192 725 239 nouum
745 188 878 263 ceput

137 318 317 409 gyptiorsm
338 342 415 406 opes
436 322 542 387 (lisine
561 325 745 390 amoritets
761 328 964 412 rspisbeul,
984 352 1040 398 nso
1053 344 1102 397 tt·-

135 444 208 489 men
227 425 412 507 pecesbsbt.
680 418 687 433 ‘

219 528 407 610 Exemplum
435 532 475 595 ds
502 530 725 616 lupanaribus,
750 554 836 619 quae
863 536 1083 602 tolerenthris

136 630 260 717 megbis
287 631 481 711 civitatibus,
508 636 674 725 iudignum
700 648 763 713 ost,
789 638 833 701 tle
861 660 940 723 quo
971 641 1082 725 disput·

135 726 197 797 tor.
235 734 317 797 Nam
339 738 497 802 manifeste
514 754 638 824 pugnet
658 761 727 803 cum
747 739 823 825 lege
852 740 944 819 nei,
974 756 1007 807 st
1028 764 1081 827 ges

135 838 205 901 tiles
230 838 364 902 habenti
393 852 481 917 suut,
518 842 574 924 qui
600 840 824 925 turpitudinem
852 841 949 908 buteo
977 846 1080 933 poblite

135 940 281 1003 tolerent.
330 942 494 1008 Frivolum
522 943 698 1020 enim'est,
725 942 815 1027 quod
842 945 1017 1028 judicant,
1041 950 1080 1013 lut

135 1030 257 1108 rstione
276 1044 374 1109 minui
395 1061 502 1132 stupra
522 1062 554 1112 st
574 1045 734 1109 adulteria.
781 1044 884 1109 Nam·
902 1042 1080 1128 adolescens,

99 1198 107 1210 .
137 1146 194 1233 qui
212 1164 283 1211 cunr
304 1147 518 1212 meretricibus
538 1148 731 1222 consuescit,
759 1144 786 1209 is
813 1149 893 1233 sista
922 1156 1079 1231 occasione,

73 1266 77 1271 ’
134 1272 206 1315 oum
226 1252 383 1335 pudorem
403 1250 498 1313 semel
526 1252 712 1335 projecerit,
740 1270 808 1312 nou
840 1252 1024 1321 abstinebit
1045 1278 1081 1321 se

93 1410 96 1415 .
135 1344 198 1438 qh's
225 1375 258 1439 s·
272 1354 439 1430 maritatis,
466 1378 524 1418 nec
549 1378 567 1418 s
592 1354 773 1440 virginibus.
826 1352 985 1442 Augetur
1003 1358 1081 1447 igitur

134 1456 254 1543 nugis,
284 1450 377 1542 quum
399 1470 525 1520 sanator
544 1456 645 1520 libido
665 1456 723 1518 hso
743 1455 887 1534 ratione,
920 1473 956 1523 et
982 1459 1019 1527 fit
1035 1460 1081 1526 illis

114 1556 299 1623 ·'suotorit''ss
319 1556 487 1641 peccandi,
514 1562 569 1643 qui
590 1562 679 1636 elias,
700 1561 757 1622 hec
776 1560 957 1630 occasione
978 1566 1082 1652 presai.

134 1668 186 1739 s'e,
206 1663 408 1728 continerent.
450 1662 529 1728 Sunt
550 1662 632 1725 enim
653 1660 715 1723 slis
734 1672 765 1723 et
784 1662 932 1729 meliora
960 1668 1081 1733 remedie

135 1764 278 1844 ostensa,
306 1780 338 1829 et
362 1782 527 1852 praecepta
557 1767 721 1839 divinitus,
747 1785 864 1849 nempe
893 1772 1079 1859 conjugia..

134 1864 287 1934 Bthnicus
307 1870 405 1957 igitur
424 1870 620 1954 magistratus
648 1867 835 1948 judicandus
857 1880 932 1949 est,
964 1875 1023 1957 qui
1046 1874 1081 1934 lu·

20 2036 23 2045 ,
134 1972 262 2055 pauoris
282 1972 411 2048 tolerst3
434 1973 505 2056 pius
526 1972 608 2035 enim
625 1970 821 2054 magistratus
840 1994 915 2034 nou
935 1974 1031 2039 (lebet
1047 1990 1081 2037 to·

106 2074 232 2138 =lersre
263 2076 501 2155 scortationem,
539 2073 717 2160 praesertim
755 2073 923 2139 manifesta
956 2079 1080 2143 licentis.

133 2174 216 2239 Num
244 2176 336 2241 etiam
371 2178 474 2242 invitis
507 2190 537 2241 et
568 2175 805 2262 prohibentibus
833 2180 1081 2265 magistratibus,

133 2290 236 2361 tamep
271 2276 334 2345 hoc
365 2282 482 2346 malum
511 2294 690 2369 grassatur,
726 2300 782 2342 neo
804 2293 930 2364 potest
966 2286 1082 2370 penitus

133 2380 244 2445 tolli·

212 2480 278 2547 Sed
296 2484 335 2547 sd
356 2484 561 2571 principalem
582 2478 792 2569 quaestionem
813 2480 931 2563 ratleo,
961 2508 1005 2548 su
1023 2507 1082 2570 pos

132 2582 172 2648 stt
193 2589 332 2650 excusari
351 2588 443 2652 Loth.
494 2592 579 2676 Lyra
606 2590 705 2672 igitur
731 2581 914 2662 concludit,
945 2612 1082 2674 peccasse

132 2687 259 2772 quidem
275 2686 470 2755 'mortalitert
492 2694 566 2777 quio
586 2706 689 2755 temen
710 2689 770 2751 hoo
784 2704 954 2771 peccatum
972 2718 1011 2759 ex
1025 2716 1082 2780 per·

131 2782 309 2856 turbatione
335 2794 429 2856 enimi
455 2796 584 2872 accidit,
616 2776 814 2858 exoneratum
841 2812 913 2857 etse
945 2821 968 2860 s
997 2813 1080 2872 teoto,

131 2890 206 2957 licet
226 2916 292 2958 uon
313 2919 329 2958 s
350 2912 428 2960 toto.
475 2898 527 2962 Sic
547 2899 669 2984 loquuti
691 2912 761 2960 sunt
787 2896 819 2956 in
848 2896 995 2977 sobolis,
1024 2922 1081 2965 cum

130 2996 248 3061 vellent
268 2996 444 3084 significare
464 3001 562 3065 levius
582 3016 752 3086 peccatum.
800 3000 871 3062 Nos
900 3004 1026 3070 rectius
1050 3004 1082 3067 le

131 3098 282 3178 serimus,
304 3102 329 3164 si
351 3102 390 3166 de
410 3102 522 3164 talibus
544 3104 663 3167 casibus
685 3106 785 3168 sobrie
807 3102 1081 3186 disputaverimus·

130 3200 221 3288 Quae
241 3204 323 3269 enim
346 3206 437 3269 nobie
458 3226 566 3282 conss,
595 3218 630 3269 ut
656 3222 716 3270 turn
747 3204 886 3267 sollicite
906 3206 951 3270 do
975 3222 1082 3275 saucto-

75 3368 79 3373 .
129 3328 199 3371 runs
220 3310 355 3393 peccetis
377 3309 555 3372 excusandis
575 3308 777 3371 laboremus?
817 3306 973 3374 Fuerunt
997 3313 1082 3376 homi·

129 3429 204 3486 nes,
235 3402 332 3495 igilur
357 3412 504 3494 periculis
525 3415 698 3496 perturbati
726 3425 899 3496 potueruut
920 3435 995 3478 non
1016 3438 1084 3479 uuo·

131 3533 225 3596 quom
246 3510 310 3574 fulli
333 3525 362 3574 et
383 3536 494 3578 errare.
544 3516 585 3579 Et
605 3528 723 3591 temen,
753 3514 841 3596 quod
872 3516 915 3581 sd
945 3541 1083 3604 praesen·

129 3627 192 3682 tem
219 3615 380 3682 historiam
408 3619 536 3695 attinet,
564 3638 677 3682 cucuso
706 3615 864 3695 Lothum,
901 3630 946 3684 so'
978 3626 1084 3699 sentio,
