<?xml version="1.0" encoding="UTF-8"?>
<!DOCTYPE html PUBLIC "-//W3C//DTD XHTML 1.0 Transitional//EN"
    "http://www.w3.org/TR/xhtml1/DTD/xhtml1-transitional.dtd">
<html xmlns="http://www.w3.org/1999/xhtml" xml:lang="en" lang="en">
 <head>
  <title>
</title>
<meta http-equiv="Content-Type" content="text/html;charset=utf-8" />
  <meta name='ocr-system' content='tesseract 3.04.00' />
  <meta name='ocr-capabilities' content='ocr_page ocr_carea ocr_par ocr_line ocrx_word'/>
</head>
<body>
  <div class='ocr_page' id='page_1' title='image "./exegeticaoperal00luthgoog_0666.png"; bbox 0 0 2244 4028; ppageno 0'>
   <div class='ocr_carea' id='block_1_1' title="bbox 425 124 1038 258">
    <p class='ocr_par' dir='ltr' id='par_1_1' title="bbox 425 124 1038 258">
     <span class='ocr_line' id='line_1_1' title="bbox 425 124 1038 258; baseline 0.013 -23"><span class='ocrx_word' id='word_1_1' title='bbox 425 210 432 227; x_wconf 56' lang='grc' dir='ltr'>ι</span> <span class='ocrx_word' id='word_1_2' title='bbox 462 124 643 258; x_wconf 73' lang='lat' dir='ltr'>genesii.</span> <span class='ocrx_word' id='word_1_3' title='bbox 975 171 1038 243; x_wconf 78' lang='grc'>335</span> 
     </span>
    </p>
   </div>
   <div class='ocr_carea' id='block_1_2' title="bbox 69 311 1098 3789">
    <p class='ocr_par' dir='ltr' id='par_1_2' title="bbox 69 311 1094 1849">
     <span class='ocr_line' id='line_1_2' title="bbox 69 311 1039 404; baseline 0.002 -18"><span class='ocrx_word' id='word_1_4' title='bbox 69 342 197 399; x_wconf 62' lang='grc' dir='ltr'>,οιιιιιι</span> <span class='ocrx_word' id='word_1_5' title='bbox 226 311 282 389; x_wconf 84' lang='lat' dir='ltr'>bns</span> <span class='ocrx_word' id='word_1_6' title='bbox 305 343 370 387; x_wconf 89' lang='lat' dir='ltr'>uon</span> <span class='ocrx_word' id='word_1_7' title='bbox 397 322 521 389; x_wconf 64' lang='lat' dir='ltr'>sidetes</span> <span class='ocrx_word' id='word_1_8' title='bbox 565 324 695 390; x_wconf 82' lang='lat' dir='ltr'>Sanetus</span> <span class='ocrx_word' id='word_1_9' title='bbox 716 330 763 385; x_wconf 86' lang='lat' dir='ltr'>est</span> <span class='ocrx_word' id='word_1_10' title='bbox 781 331 892 404; x_wconf 87' lang='lat' dir='ltr'>pater,</span> <span class='ocrx_word' id='word_1_11' title='bbox 913 311 1039 388; x_wconf 67' lang='lat' dir='ltr'>sanent</span> 
     </span>
     <span class='ocr_line' id='line_1_3' title="bbox 85 414 1087 512; baseline 0.004 -23"><span class='ocrx_word' id='word_1_12' title='bbox 85 440 163 494; x_wconf 86' lang='lat' dir='ltr'>sunt</span> <span class='ocrx_word' id='word_1_13' title='bbox 191 429 333 512; x_wconf 76' lang='lat' dir='ltr'>poellser</span> <span class='ocrx_word' id='word_1_14' title='bbox 363 414 567 510; x_wconf 79' lang='lat' dir='ltr'>sed&#39;pe&#39;oeent</span> <span class='ocrx_word' id='word_1_15' title='bbox 592 439 732 511; x_wconf 85' lang='lat' dir='ltr'>uterque.</span> <span class='ocrx_word' id='word_1_16' title='bbox 783 421 915 511; x_wconf 69' lang='lat' dir='ltr'>Peeoant</span> <span class='ocrx_word' id='word_1_17' title='bbox 934 439 1040 493; x_wconf 79' lang='lat' dir='ltr'>autem</span> <span class='ocrx_word' id='word_1_18' title='bbox 1084 432 1087 441; x_wconf 83' lang='lat'><em>&#39;</em></span> 
     </span>
     <span class='ocr_line' id='line_1_4' title="bbox 85 517 1040 616; baseline -0.002 -24"><span class='ocrx_word' id='word_1_19' title='bbox 85 551 154 601; x_wconf 81' lang='lat' dir='ltr'>uon</span> <span class='ocrx_word' id='word_1_20' title='bbox 174 531 367 594; x_wconf 81' lang='lat' dir='ltr'>molitiones</span> <span class='ocrx_word' id='word_1_21' title='bbox 387 526 537 607; x_wconf 77' lang='lat' dir='ltr'>libidine,</span> <span class='ocrx_word' id='word_1_22' title='bbox 565 530 620 593; x_wconf 90' lang='lat' dir='ltr'>sed</span> <span class='ocrx_word' id='word_1_23' title='bbox 639 525 764 616; x_wconf 80' lang='lat' dir='ltr'>ingenti</span> <span class='ocrx_word' id='word_1_24' title='bbox 791 517 1040 610; x_wconf 82' lang='lat' dir='ltr'>perturbatione.</span> 
     </span>
     <span class='ocr_line' id='line_1_5' title="bbox 85 628 1090 719; baseline -0.009 -22"><span class='ocrx_word' id='word_1_25' title='bbox 85 633 192 697; x_wconf 85' lang='lat' dir='ltr'>Nemo</span> <span class='ocrx_word' id='word_1_26' title='bbox 220 633 316 719; x_wconf 81' lang='lat' dir='ltr'>igitur</span> <span class='ocrx_word' id='word_1_27' title='bbox 343 630 457 696; x_wconf 85' lang='lat' dir='ltr'>horum</span> <span class='ocrx_word' id='word_1_28' title='bbox 488 631 630 714; x_wconf 82' lang='lat' dir='ltr'>exemplo</span> <span class='ocrx_word' id='word_1_29' title='bbox 658 628 782 707; x_wconf 79' lang='lat' dir='ltr'>libidini</span> <span class='ocrx_word' id='word_1_30' title='bbox 810 649 884 693; x_wconf 89' lang='lat' dir='ltr'>suae</span> <span class='ocrx_word' id='word_1_31' title='bbox 903 633 1040 714; x_wconf 85' lang='lat' dir='ltr'>patroni·</span> <span class='ocrx_word' id='word_1_32' title='bbox 1088 685 1090 688; x_wconf 83' lang='grc'>.</span> 
     </span>
     <span class='ocr_line' id='line_1_6' title="bbox 86 732 1059 819; baseline 0.004 -22"><span class='ocrx_word' id='word_1_33' title='bbox 86 735 158 797; x_wconf 83' lang='lat' dir='ltr'>nari</span> <span class='ocrx_word' id='word_1_34' title='bbox 183 736 307 818; x_wconf 88' lang='lat' dir='ltr'>poterit.</span> <span class='ocrx_word' id='word_1_35' title='bbox 368 735 406 799; x_wconf 89' lang='lat' dir='ltr'>Si</span> <span class='ocrx_word' id='word_1_36' title='bbox 436 748 521 799; x_wconf 85' lang='lat' dir='ltr'>extra</span> <span class='ocrx_word' id='word_1_37' title='bbox 556 732 823 819; x_wconf 78' lang='lat' dir='ltr'>perturbationem</span> <span class='ocrx_word' id='word_1_38' title='bbox 858 745 890 798; x_wconf 86' lang='lat' dir='ltr'>et</span> <span class='ocrx_word' id='word_1_39' title='bbox 925 737 1059 816; x_wconf 43' lang='lat' dir='ltr'>mentis,</span> 
     </span>
     <span class='ocr_line' id='line_1_7' title="bbox 86 830 1041 927; baseline 0.001 -27"><span class='ocrx_word' id='word_1_40' title='bbox 86 850 248 921; x_wconf 83' lang='lat' dir='ltr'>compotes</span> <span class='ocrx_word' id='word_1_41' title='bbox 277 835 422 915; x_wconf 90' lang='lat' dir='ltr'>fuissent,</span> <span class='ocrx_word' id='word_1_42' title='bbox 450 837 667 927; x_wconf 65' lang='lat' dir='ltr'>abstinuissent</span> <span class='ocrx_word' id='word_1_43' title='bbox 695 834 734 913; x_wconf 76' lang='lat' dir='ltr'>eb</span> <span class='ocrx_word' id='word_1_44' title='bbox 751 830 900 914; x_wconf 77' lang='lat' dir='ltr'>incestu,</span> <span class='ocrx_word' id='word_1_45' title='bbox 933 850 1041 917; x_wconf 78' lang='lat' dir='ltr'>et&#39;se,</span> 
     </span>
     <span class='ocr_line' id='line_1_8' title="bbox 86 932 1041 1025; baseline -0.007 -23"><span class='ocrx_word' id='word_1_46' title='bbox 86 939 171 1002; x_wconf 88' lang='lat' dir='ltr'>siout</span> <span class='ocrx_word' id='word_1_47' title='bbox 193 939 350 1001; x_wconf 89' lang='lat' dir='ltr'>Abraham</span> <span class='ocrx_word' id='word_1_48' title='bbox 378 937 603 1025; x_wconf 32' lang='lat' dir='ltr'>posteanfaeit,</span> <span class='ocrx_word' id='word_1_49' title='bbox 631 932 806 1000; x_wconf 76' lang='lat' dir='ltr'>consolatae</span> <span class='ocrx_word' id='word_1_50' title='bbox 826 934 1041 1020; x_wconf 65' lang='lat' dir='ltr'>linimentum.</span> 
     </span>
     <span class='ocr_line' id='line_1_9' title="bbox 69 1024 1041 1129; baseline 0.004 -25"><span class='ocrx_word' id='word_1_51' title='bbox 69 1024 262 1129; x_wconf 76' lang='lat' dir='ltr'>mipotentin</span> <span class='ocrx_word' id='word_1_52' title='bbox 283 1041 359 1117; x_wconf 86' lang='lat' dir='ltr'>Del,</span> <span class='ocrx_word' id='word_1_53' title='bbox 381 1041 436 1125; x_wconf 87' lang='lat' dir='ltr'>qui</span> <span class='ocrx_word' id='word_1_54' title='bbox 467 1043 557 1105; x_wconf 88' lang='lat' dir='ltr'>etiam</span> <span class='ocrx_word' id='word_1_55' title='bbox 586 1063 622 1104; x_wconf 85' lang='lat' dir='ltr'>ex</span> <span class='ocrx_word' id='word_1_56' title='bbox 647 1037 808 1126; x_wconf 73' lang='lat' dir='ltr'>lapidibus</span> <span class='ocrx_word' id='word_1_57' title='bbox 835 1038 977 1108; x_wconf 78' lang='lat' dir='ltr'>homines</span> <span class='ocrx_word' id='word_1_58' title='bbox 991 1033 1041 1108; x_wconf 42' lang='lat' dir='ltr'>⁸fo·</span> 
     </span>
     <span class='ocr_line' id='line_1_10' title="bbox 86 1138 1042 1229; baseline 0.003 -18"><span class='ocrx_word' id='word_1_59' title='bbox 86 1167 176 1222; x_wconf 90' lang='lat' dir='ltr'>oere,</span> <span class='ocrx_word' id='word_1_60' title='bbox 206 1144 258 1209; x_wconf 85' lang='lat' dir='ltr'>aut</span> <span class='ocrx_word' id='word_1_61' title='bbox 287 1158 428 1229; x_wconf 82' lang='lat' dir='ltr'>mortuos</span> <span class='ocrx_word' id='word_1_62' title='bbox 456 1156 603 1210; x_wconf 81' lang='lat' dir='ltr'>revocare</span> <span class='ocrx_word' id='word_1_63' title='bbox 629 1139 665 1202; x_wconf 90' lang='lat' dir='ltr'>in</span> <span class='ocrx_word' id='word_1_64' title='bbox 692 1138 785 1203; x_wconf 82' lang='lat' dir='ltr'>vitam</span> <span class='ocrx_word' id='word_1_65' title='bbox 811 1145 950 1226; x_wconf 55' lang='lat' dir='ltr'>posset}</span> <span class='ocrx_word' id='word_1_66' title='bbox 978 1147 1042 1214; x_wconf 83' lang='lat' dir='ltr'>Sed</span> 
     </span>
     <span class='ocr_line' id='line_1_11' title="bbox 86 1230 1050 1340; baseline 0.001 -30"><span class='ocrx_word' id='word_1_67' title='bbox 86 1246 288 1333; x_wconf 88' lang='lat' dir='ltr'>perturbatae</span> <span class='ocrx_word' id='word_1_68' title='bbox 323 1249 493 1311; x_wconf 88' lang='lat' dir='ltr'>seeundum</span> <span class='ocrx_word' id='word_1_69' title='bbox 530 1267 653 1340; x_wconf 81' lang='lat' dir='ltr'>sensum</span> <span class='ocrx_word' id='word_1_70' title='bbox 688 1258 883 1328; x_wconf 80' lang='lat' dir='ltr'>praesentem</span> <span class='ocrx_word' id='word_1_71' title='bbox 917 1230 1050 1313; x_wconf 67' lang='lat' dir='ltr'>sobole-1</span> 
     </span>
     <span class='ocr_line' id='line_1_12' title="bbox 88 1348 1043 1435; baseline 0.003 -20"><span class='ocrx_word' id='word_1_72' title='bbox 88 1348 188 1415; x_wconf 84' lang='lat' dir='ltr'>dunt:</span> <span class='ocrx_word' id='word_1_73' title='bbox 210 1348 244 1412; x_wconf 85' lang='lat' dir='ltr'>si</span> <span class='ocrx_word' id='word_1_74' title='bbox 264 1349 370 1412; x_wconf 88' lang='lat' dir='ltr'>nullus</span> <span class='ocrx_word' id='word_1_75' title='bbox 391 1351 439 1413; x_wconf 83' lang='lat' dir='ltr'>vir</span> <span class='ocrx_word' id='word_1_76' title='bbox 459 1351 602 1435; x_wconf 85' lang='lat' dir='ltr'>reliquus</span> <span class='ocrx_word' id='word_1_77' title='bbox 631 1359 678 1411; x_wconf 89' lang='lat' dir='ltr'>est</span> <span class='ocrx_word' id='word_1_78' title='bbox 702 1361 827 1430; x_wconf 86' lang='lat' dir='ltr'>praeter</span> <span class='ocrx_word' id='word_1_79' title='bbox 847 1363 985 1433; x_wconf 87' lang='lat' dir='ltr'>patrem,</span> <span class='ocrx_word' id='word_1_80' title='bbox 1006 1375 1043 1418; x_wconf 83' lang='lat' dir='ltr'>ex</span> 
     </span>
     <span class='ocr_line' id='line_1_13' title="bbox 85 1451 1042 1542; baseline -0.002 -28"><span class='ocrx_word' id='word_1_81' title='bbox 85 1465 178 1537; x_wconf 87' lang='lat' dir='ltr'>petre</span> <span class='ocrx_word' id='word_1_82' title='bbox 205 1451 386 1516; x_wconf 62' lang='lat' dir='ltr'>babebimus</span> <span class='ocrx_word' id='word_1_83' title='bbox 414 1474 529 1529; x_wconf 85' lang='lat' dir='ltr'>semen.</span> <span class='ocrx_word' id='word_1_84' title='bbox 581 1451 640 1514; x_wconf 88' lang='lat' dir='ltr'>Est</span> <span class='ocrx_word' id='word_1_85' title='bbox 660 1460 764 1511; x_wconf 88' lang='lat' dir='ltr'>autem</span> <span class='ocrx_word' id='word_1_86' title='bbox 790 1472 899 1530; x_wconf 84' lang='lat' dir='ltr'>senex,</span> <span class='ocrx_word' id='word_1_87' title='bbox 929 1467 959 1519; x_wconf 84' lang='lat' dir='ltr'>et</span> <span class='ocrx_word' id='word_1_88' title='bbox 983 1480 1042 1542; x_wconf 78' lang='lat' dir='ltr'>pu.</span> 
     </span>
     <span class='ocr_line' id='line_1_14' title="bbox 85 1548 1071 1635; baseline -0.005 -15"><span class='ocrx_word' id='word_1_89' title='bbox 85 1555 176 1620; x_wconf 85' lang='lat' dir='ltr'>debit</span> <span class='ocrx_word' id='word_1_90' title='bbox 197 1576 266 1617; x_wconf 89' lang='lat' dir='ltr'>eum</span> <span class='ocrx_word' id='word_1_91' title='bbox 286 1552 377 1618; x_wconf 75' lang='lat' dir='ltr'>lautis</span> <span class='ocrx_word' id='word_1_92' title='bbox 405 1553 607 1617; x_wconf 85' lang='lat' dir='ltr'>inebriandus</span> <span class='ocrx_word' id='word_1_93' title='bbox 627 1551 836 1635; x_wconf 82' lang='lat' dir='ltr'>igiturerit,</span> <span class='ocrx_word' id='word_1_94' title='bbox 856 1569 892 1619; x_wconf 92' lang='lat' dir='ltr'>ut</span> <span class='ocrx_word' id='word_1_95' title='bbox 913 1548 1043 1626; x_wconf 63' lang='lat' dir='ltr'>oblisis.</span> <span class='ocrx_word' id='word_1_96' title='bbox 1065 1611 1071 1628; x_wconf 80' lang='grc'><strong>,</strong></span> 
     </span>
     <span class='ocr_line' id='line_1_15' title="bbox 88 1646 1042 1741; baseline -0.005 -20"><span class='ocrx_word' id='word_1_97' title='bbox 88 1671 185 1721; x_wconf 85' lang='lat' dir='ltr'>estur</span> <span class='ocrx_word' id='word_1_98' title='bbox 211 1658 381 1741; x_wconf 86' lang='lat' dir='ltr'>praesentis</span> <span class='ocrx_word' id='word_1_99' title='bbox 408 1655 605 1731; x_wconf 81' lang='lat' dir='ltr'>aelamitatis,</span> <span class='ocrx_word' id='word_1_100' title='bbox 631 1664 662 1714; x_wconf 88' lang='lat' dir='ltr'>et</span> <span class='ocrx_word' id='word_1_101' title='bbox 687 1652 872 1718; x_wconf 85' lang='lat' dir='ltr'>incendatur</span> <span class='ocrx_word' id='word_1_102' title='bbox 898 1646 1042 1727; x_wconf 60' lang='lat' dir='ltr'>vino&#39;se.</span> 
     </span>
     <span class='ocr_line' id='line_1_16' title="bbox 88 1753 1094 1849; baseline -0.003 -25"><span class='ocrx_word' id='word_1_103' title='bbox 88 1757 156 1824; x_wconf 85' lang='lat' dir='ltr'>nile</span> <span class='ocrx_word' id='word_1_104' title='bbox 177 1779 313 1842; x_wconf 83' lang='lat' dir='ltr'>eorpus3</span> <span class='ocrx_word' id='word_1_105' title='bbox 334 1758 460 1822; x_wconf 85' lang='lat' dir='ltr'>sobrius</span> <span class='ocrx_word' id='word_1_106' title='bbox 479 1759 512 1822; x_wconf 91' lang='lat' dir='ltr'>id</span> <span class='ocrx_word' id='word_1_107' title='bbox 532 1776 692 1839; x_wconf 88' lang='lat' dir='ltr'>nunquam</span> <span class='ocrx_word' id='word_1_108' title='bbox 713 1753 820 1834; x_wconf 79' lang='lat' dir='ltr'>laniet,</span> <span class='ocrx_word' id='word_1_109' title='bbox 840 1770 911 1825; x_wconf 85' lang='lat' dir='ltr'>eto.</span> <span class='ocrx_word' id='word_1_110' title='bbox 1044 1821 1047 1826; x_wconf 81' lang='grc'>,</span> <span class='ocrx_word' id='word_1_111' title='bbox 1093 1844 1094 1849; x_wconf 11' lang='lat'>¹</span> 
     </span>
    </p>

    <p class='ocr_par' dir='ltr' id='par_1_3' title="bbox 90 1859 1098 3690">
     <span class='ocr_line' id='line_1_17' title="bbox 171 1859 1098 1945; baseline 0.008 -22"><span class='ocrx_word' id='word_1_112' title='bbox 171 1860 248 1924; x_wconf 88' lang='lat' dir='ltr'>Non</span> <span class='ocrx_word' id='word_1_113' title='bbox 288 1861 406 1945; x_wconf 88' lang='lat' dir='ltr'>absque</span> <span class='ocrx_word' id='word_1_114' title='bbox 434 1882 526 1924; x_wconf 84' lang='lat' dir='ltr'>eausa</span> <span class='ocrx_word' id='word_1_115' title='bbox 558 1859 664 1921; x_wconf 88' lang='lat' dir='ltr'>Moses</span> <span class='ocrx_word' id='word_1_116' title='bbox 690 1869 744 1918; x_wconf 89' lang='lat' dir='ltr'>tot</span> <span class='ocrx_word' id='word_1_117' title='bbox 776 1859 882 1924; x_wconf 82' lang='lat' dir='ltr'>verbis</span> <span class='ocrx_word' id='word_1_118' title='bbox 914 1860 1042 1930; x_wconf 87' lang='lat' dir='ltr'>foedum</span> <span class='ocrx_word' id='word_1_119' title='bbox 1092 1875 1098 1881; x_wconf 83' lang='lat'>&#39;</span> 
     </span>
     <span class='ocr_line' id='line_1_18' title="bbox 90 1942 1043 2049; baseline 0.005 -22"><span class='ocrx_word' id='word_1_120' title='bbox 90 1961 223 2029; x_wconf 79' lang='lat' dir='ltr'>fautum</span> <span class='ocrx_word' id='word_1_121' title='bbox 239 1963 397 2027; x_wconf 85' lang='lat' dir='ltr'>describit.</span> <span class='ocrx_word' id='word_1_122' title='bbox 420 1942 543 2049; x_wconf 81' lang='lat' dir='ltr'>Quod</span> <span class='ocrx_word' id='word_1_123' title='bbox 569 1962 654 2023; x_wconf 90' lang='lat' dir='ltr'>enim</span> <span class='ocrx_word' id='word_1_124' title='bbox 682 1971 766 2024; x_wconf 82' lang='lat' dir='ltr'>tauta</span> <span class='ocrx_word' id='word_1_125' title='bbox 791 1964 996 2030; x_wconf 90' lang='lat' dir='ltr'>multitudo</span> <span class='ocrx_word' id='word_1_126' title='bbox 985 1991 1043 2032; x_wconf 82' lang='lat' dir='ltr'>sm·</span> 
     </span>
     <span class='ocr_line' id='line_1_19' title="bbox 91 2044 1043 2167; baseline 0.014 -42"><span class='ocrx_word' id='word_1_127' title='bbox 91 2065 219 2148; x_wconf 86' lang='lat' dir='ltr'>piorum</span> <span class='ocrx_word' id='word_1_128' title='bbox 247 2065 391 2149; x_wconf 84' lang='lat' dir='ltr'>perierit,</span> <span class='ocrx_word' id='word_1_129' title='bbox 424 2083 483 2146; x_wconf 86' lang='lat' dir='ltr'>per</span> <span class='ocrx_word' id='word_1_130' title='bbox 515 2084 548 2126; x_wconf 89' lang='lat' dir='ltr'>se</span> <span class='ocrx_word' id='word_1_131' title='bbox 582 2044 736 2125; x_wconf 85' lang='lat' dir='ltr'>horribile</span> <span class='ocrx_word' id='word_1_132' title='bbox 770 2078 833 2144; x_wconf 87' lang='lat' dir='ltr'>est,</span> <span class='ocrx_word' id='word_1_133' title='bbox 872 2071 927 2135; x_wconf 88' lang='lat' dir='ltr'>sed</span> <span class='ocrx_word' id='word_1_134' title='bbox 957 2074 1043 2167; x_wconf 79' lang='lat' dir='ltr'>quod</span> 
     </span>
     <span class='ocr_line' id='line_1_20' title="bbox 92 2157 1044 2254; baseline 0.006 -26"><span class='ocrx_word' id='word_1_135' title='bbox 92 2164 199 2243; x_wconf 86' lang='lat' dir='ltr'>Loth,</span> <span class='ocrx_word' id='word_1_136' title='bbox 221 2180 379 2249; x_wconf 75' lang='lat' dir='ltr'>spectator</span> <span class='ocrx_word' id='word_1_137' title='bbox 398 2164 492 2246; x_wconf 90' lang='lat' dir='ltr'>hujus</span> <span class='ocrx_word' id='word_1_138' title='bbox 510 2182 650 2249; x_wconf 84' lang='lat' dir='ltr'>poenae,</span> <span class='ocrx_word' id='word_1_139' title='bbox 677 2181 708 2230; x_wconf 88' lang='lat' dir='ltr'>et</span> <span class='ocrx_word' id='word_1_140' title='bbox 735 2157 867 2231; x_wconf 85' lang='lat' dir='ltr'>iilise</span> <span class='ocrx_word' id='word_1_141' title='bbox 838 2190 905 2254; x_wconf 80' lang='lat' dir='ltr'>eJus</span> <span class='ocrx_word' id='word_1_142' title='bbox 925 2171 958 2234; x_wconf 89' lang='lat' dir='ltr'>in</span> <span class='ocrx_word' id='word_1_143' title='bbox 978 2188 1044 2237; x_wconf 82' lang='lat' dir='ltr'>tsn-</span> 
     </span>
     <span class='ocr_line' id='line_1_21' title="bbox 93 2265 1044 2360; baseline 0.012 -30"><span class='ocrx_word' id='word_1_144' title='bbox 93 2281 160 2332; x_wconf 86' lang='lat' dir='ltr'>tum</span> <span class='ocrx_word' id='word_1_145' title='bbox 180 2284 339 2353; x_wconf 83' lang='lat' dir='ltr'>peceatum</span> <span class='ocrx_word' id='word_1_146' title='bbox 359 2268 584 2353; x_wconf 82' lang='lat' dir='ltr'>prolabuntur,</span> <span class='ocrx_word' id='word_1_147' title='bbox 612 2267 795 2332; x_wconf 87' lang='lat' dir='ltr'>horribilius</span> <span class='ocrx_word' id='word_1_148' title='bbox 816 2285 870 2333; x_wconf 89' lang='lat' dir='ltr'>est.</span> <span class='ocrx_word' id='word_1_149' title='bbox 920 2265 1044 2360; x_wconf 77' lang='lat' dir='ltr'>Seiipta</span> 
     </span>
     <span class='ocr_line' id='line_1_22' title="bbox 92 2370 1074 2459; baseline 0.004 -23"><span class='ocrx_word' id='word_1_150' title='bbox 92 2386 197 2436; x_wconf 86' lang='lat' dir='ltr'>sutem</span> <span class='ocrx_word' id='word_1_151' title='bbox 228 2384 299 2434; x_wconf 91' lang='lat' dir='ltr'>sunt</span> <span class='ocrx_word' id='word_1_152' title='bbox 324 2371 358 2433; x_wconf 89' lang='lat' dir='ltr'>in</span> <span class='ocrx_word' id='word_1_153' title='bbox 391 2382 541 2434; x_wconf 85' lang='lat' dir='ltr'>terrorem</span> <span class='ocrx_word' id='word_1_154' title='bbox 579 2370 732 2456; x_wconf 43' lang='lat' dir='ltr'>omnium,</span> <span class='ocrx_word' id='word_1_155' title='bbox 758 2370 944 2455; x_wconf 87' lang='lat' dir='ltr'>impiorum,</span> <span class='ocrx_word' id='word_1_156' title='bbox 977 2377 1043 2453; x_wconf 87' lang='lat' dir='ltr'>imo</span> <span class='ocrx_word' id='word_1_157' title='bbox 1071 2452 1074 2459; x_wconf 30' lang='grc' dir='ltr'>Ι</span> 
     </span>
     <span class='ocr_line' id='line_1_23' title="bbox 92 2467 1044 2564; baseline 0.008 -26"><span class='ocrx_word' id='word_1_158' title='bbox 92 2475 186 2538; x_wconf 84' lang='lat' dir='ltr'>etism</span> <span class='ocrx_word' id='word_1_159' title='bbox 214 2486 408 2550; x_wconf 82' lang='lat' dir='ltr'>sanetorum,</span> <span class='ocrx_word' id='word_1_160' title='bbox 427 2494 478 2545; x_wconf 77' lang='lat' dir='ltr'>¹ne</span> <span class='ocrx_word' id='word_1_161' title='bbox 504 2467 583 2533; x_wconf 82' lang='lat' dir='ltr'>fisnt</span> <span class='ocrx_word' id='word_1_162' title='bbox 608 2474 728 2553; x_wconf 89' lang='lat' dir='ltr'>seeuri,</span> <span class='ocrx_word' id='word_1_163' title='bbox 757 2477 812 2541; x_wconf 88' lang='lat' dir='ltr'>sed</span> <span class='ocrx_word' id='word_1_164' title='bbox 839 2493 1044 2564; x_wconf 86' lang='lat' dir='ltr'>agnosoentss</span> 
     </span>
     <span class='ocr_line' id='line_1_24' title="bbox 91 2573 1044 2666; baseline 0.006 -26"><span class='ocrx_word' id='word_1_165' title='bbox 91 2576 326 2653; x_wconf 88' lang='lat' dir='ltr'>infirmitatem,</span> <span class='ocrx_word' id='word_1_166' title='bbox 353 2573 441 2664; x_wconf 77' lang='lat' dir='ltr'>eujus</span> <span class='ocrx_word' id='word_1_167' title='bbox 469 2582 531 2636; x_wconf 84' lang='lat' dir='ltr'>tam</span> <span class='ocrx_word' id='word_1_168' title='bbox 557 2573 722 2649; x_wconf 87' lang='lat' dir='ltr'>horribilia</span> <span class='ocrx_word' id='word_1_169' title='bbox 750 2582 889 2664; x_wconf 85' lang='lat' dir='ltr'>exempla</span> <span class='ocrx_word' id='word_1_170' title='bbox 916 2583 1044 2666; x_wconf 71' lang='lat' dir='ltr'>exstant,</span> 
     </span>
     <span class='ocr_line' id='line_1_25' title="bbox 94 2674 1044 2767; baseline 0.009 -25"><span class='ocrx_word' id='word_1_171' title='bbox 94 2681 285 2766; x_wconf 83' lang='lat' dir='ltr'>diligentius</span> <span class='ocrx_word' id='word_1_172' title='bbox 312 2678 432 2746; x_wconf 83' lang='lat' dir='ltr'>instent</span> <span class='ocrx_word' id='word_1_173' title='bbox 459 2674 610 2755; x_wconf 90' lang='lat' dir='ltr'>orationi,</span> <span class='ocrx_word' id='word_1_174' title='bbox 640 2678 858 2767; x_wconf 79' lang='lat' dir='ltr'>etrigilent:¹</span> <span class='ocrx_word' id='word_1_175' title='bbox 879 2682 912 2748; x_wconf 80' lang='lat' dir='ltr'>et</span> <span class='ocrx_word' id='word_1_176' title='bbox 939 2698 1044 2752; x_wconf 89' lang='lat' dir='ltr'>tamen</span> 
     </span>
     <span class='ocr_line' id='line_1_26' title="bbox 92 2780 1045 2866; baseline 0.007 -19"><span class='ocrx_word' id='word_1_177' title='bbox 92 2783 241 2847; x_wconf 76' lang='lat' dir='ltr'>convenit</span> <span class='ocrx_word' id='word_1_178' title='bbox 270 2780 376 2857; x_wconf 88' lang='lat' dir='ltr'>nobis,</span> <span class='ocrx_word' id='word_1_179' title='bbox 404 2792 442 2843; x_wconf 93' lang='lat' dir='ltr'>ut</span> <span class='ocrx_word' id='word_1_180' title='bbox 466 2791 536 2843; x_wconf 87' lang='lat' dir='ltr'>tum</span> <span class='ocrx_word' id='word_1_181' title='bbox 561 2794 701 2866; x_wconf 85' lang='lat' dir='ltr'>putrem,</span> <span class='ocrx_word' id='word_1_182' title='bbox 731 2795 799 2846; x_wconf 89' lang='lat' dir='ltr'>tom</span> <span class='ocrx_word' id='word_1_183' title='bbox 825 2783 905 2849; x_wconf 87' lang='lat' dir='ltr'>filias</span> <span class='ocrx_word' id='word_1_184' title='bbox 925 2810 1045 2854; x_wconf 86' lang='lat' dir='ltr'>exeuss-</span> 
     </span>
     <span class='ocr_line' id='line_1_27' title="bbox 92 2875 1045 2978; baseline 0.008 -30"><span class='ocrx_word' id='word_1_185' title='bbox 92 2908 183 2961; x_wconf 90' lang='lat' dir='ltr'>mus,</span> <span class='ocrx_word' id='word_1_186' title='bbox 202 2904 260 2965; x_wconf 81' lang='lat' dir='ltr'>pse</span> <span class='ocrx_word' id='word_1_187' title='bbox 280 2875 488 2971; x_wconf 79' lang='lat' dir='ltr'>aggravemus</span> <span class='ocrx_word' id='word_1_188' title='bbox 508 2904 569 2948; x_wconf 91' lang='lat' dir='ltr'>eas.</span> <span class='ocrx_word' id='word_1_189' title='bbox 596 2885 751 2978; x_wconf 31' lang='lat' dir='ltr'>[Peeoant</span> <span class='ocrx_word' id='word_1_190' title='bbox 771 2885 942 2950; x_wconf 78' lang='lat' dir='ltr'>animnos</span> <span class='ocrx_word' id='word_1_191' title='bbox 963 2890 1045 2970; x_wconf 84' lang='lat' dir='ltr'>sient</span> 
     </span>
     <span class='ocr_line' id='line_1_28' title="bbox 94 2984 1045 3071; baseline 0.006 -20"><span class='ocrx_word' id='word_1_192' title='bbox 94 2987 205 3071; x_wconf 89' lang='lat' dir='ltr'>impii,</span> <span class='ocrx_word' id='word_1_193' title='bbox 224 2985 374 3061; x_wconf 84' lang='lat' dir='ltr'>libidine,</span> <span class='ocrx_word' id='word_1_194' title='bbox 397 2984 482 3064; x_wconf 87' lang='lat' dir='ltr'>otio,</span> <span class='ocrx_word' id='word_1_195' title='bbox 503 2989 683 3066; x_wconf 78' lang='lat' dir='ltr'>securitate,</span> <span class='ocrx_word' id='word_1_196' title='bbox 704 2987 837 3065; x_wconf 85' lang='lat' dir='ltr'>malitia,</span> <span class='ocrx_word' id='word_1_197' title='bbox 864 2990 919 3054; x_wconf 88' lang='lat' dir='ltr'>sed</span> <span class='ocrx_word' id='word_1_198' title='bbox 944 3013 980 3054; x_wconf 87' lang='lat' dir='ltr'>ex</span> <span class='ocrx_word' id='word_1_199' title='bbox 998 2993 1045 3057; x_wconf 78' lang='lat' dir='ltr'>in·</span> 
     </span>
     <span class='ocr_line' id='line_1_29' title="bbox 95 3081 1045 3176; baseline 0.013 -26"><span class='ocrx_word' id='word_1_200' title='bbox 95 3087 184 3176; x_wconf 81' lang='lat' dir='ltr'>genti</span> <span class='ocrx_word' id='word_1_201' title='bbox 210 3086 452 3171; x_wconf 83' lang='lat' dir='ltr'>perturbatione.</span> <span class='ocrx_word' id='word_1_202' title='bbox 499 3088 601 3154; x_wconf 87' lang='lat' dir='ltr'>Nullo</span> <span class='ocrx_word' id='word_1_203' title='bbox 632 3102 759 3157; x_wconf 84' lang='lat' dir='ltr'>autem</span> <span class='ocrx_word' id='word_1_204' title='bbox 769 3081 864 3154; x_wconf 86' lang='lat' dir='ltr'>mbdo</span> <span class='ocrx_word' id='word_1_205' title='bbox 892 3115 980 3160; x_wconf 88' lang='lat' dir='ltr'>nasus</span> <span class='ocrx_word' id='word_1_206' title='bbox 1008 3090 1045 3162; x_wconf 81' lang='lat' dir='ltr'>ex</span> 
     </span>
     <span class='ocr_line' id='line_1_30' title="bbox 95 3188 1044 3285; baseline 0.007 -29"><span class='ocrx_word' id='word_1_207' title='bbox 95 3191 333 3285; x_wconf 86' lang='lat' dir='ltr'>perturbatione</span> <span class='ocrx_word' id='word_1_208' title='bbox 364 3188 463 3255; x_wconf 82' lang='lat' dir='ltr'>iaetus</span> <span class='ocrx_word' id='word_1_209' title='bbox 491 3214 563 3255; x_wconf 89' lang='lat' dir='ltr'>oum</span> <span class='ocrx_word' id='word_1_210' title='bbox 590 3212 646 3268; x_wconf 94' lang='lat' dir='ltr'>eo,</span> <span class='ocrx_word' id='word_1_211' title='bbox 682 3191 770 3272; x_wconf 84' lang='lat' dir='ltr'>quod</span> <span class='ocrx_word' id='word_1_212' title='bbox 798 3193 970 3267; x_wconf 84' lang='lat' dir='ltr'>deliberato</span> <span class='ocrx_word' id='word_1_213' title='bbox 999 3199 1044 3278; x_wconf 87' lang='lat' dir='ltr'>iit,</span> 
     </span>
     <span class='ocr_line' id='line_1_31' title="bbox 97 3290 1044 3378; baseline -0.003 -18"><span class='ocrx_word' id='word_1_214' title='bbox 97 3292 305 3360; x_wconf 80' lang='lat' dir='ltr'>conferendus</span> <span class='ocrx_word' id='word_1_215' title='bbox 335 3305 397 3356; x_wconf 86' lang='lat' dir='ltr'>eat:</span> <span class='ocrx_word' id='word_1_216' title='bbox 426 3294 505 3378; x_wconf 84' lang='lat' dir='ltr'>quin</span> <span class='ocrx_word' id='word_1_217' title='bbox 533 3312 599 3356; x_wconf 82' lang='lat' dir='ltr'>oon</span> <span class='ocrx_word' id='word_1_218' title='bbox 626 3291 734 3356; x_wconf 79' lang='lat' dir='ltr'>fuisset</span> <span class='ocrx_word' id='word_1_219' title='bbox 759 3290 843 3356; x_wconf 84' lang='lat' dir='ltr'>Loth</span> <span class='ocrx_word' id='word_1_220' title='bbox 867 3309 929 3363; x_wconf 83' lang='lat' dir='ltr'>tum</span> <span class='ocrx_word' id='word_1_221' title='bbox 956 3299 1044 3366; x_wconf 65' lang='lat' dir='ltr'>senile</span> 
     </span>
     <span class='ocr_line' id='line_1_32' title="bbox 93 3385 1050 3489; baseline 0.005 -28.005"><span class='ocrx_word' id='word_1_222' title='bbox 93 3396 286 3469; x_wconf 88' lang='lat' dir='ltr'>inebriatus,</span> <span class='ocrx_word' id='word_1_223' title='bbox 319 3393 345 3455; x_wconf 89' lang='lat' dir='ltr'>si</span> <span class='ocrx_word' id='word_1_224' title='bbox 380 3415 447 3457; x_wconf 87' lang='lat' dir='ltr'>non</span> <span class='ocrx_word' id='word_1_225' title='bbox 474 3394 562 3479; x_wconf 84' lang='lat' dir='ltr'>prius</span> <span class='ocrx_word' id='word_1_226' title='bbox 595 3398 716 3461; x_wconf 87' lang='lat' dir='ltr'>animus</span> <span class='ocrx_word' id='word_1_227' title='bbox 746 3397 855 3460; x_wconf 85' lang='lat' dir='ltr'>inisset</span> <span class='ocrx_word' id='word_1_228' title='bbox 883 3385 1050 3489; x_wconf 24' lang='lat' dir='ltr'>perturbo..</span> 
     </span>
     <span class='ocr_line' id='line_1_33' title="bbox 95 3496 1048 3583; baseline 0.01 -24"><span class='ocrx_word' id='word_1_229' title='bbox 95 3515 157 3575; x_wconf 68' lang='lat' dir='ltr'>tus,</span> <span class='ocrx_word' id='word_1_230' title='bbox 204 3496 345 3560; x_wconf 81' lang='lat' dir='ltr'>Pensavit</span> <span class='ocrx_word' id='word_1_231' title='bbox 373 3497 502 3583; x_wconf 80' lang='lat' dir='ltr'>igitur,</span> <span class='ocrx_word' id='word_1_232' title='bbox 517 3497 571 3559; x_wconf 88' lang='lat' dir='ltr'>sed</span> <span class='ocrx_word' id='word_1_233' title='bbox 599 3499 780 3575; x_wconf 83' lang='lat' dir='ltr'>venialiter,</span> <span class='ocrx_word' id='word_1_234' title='bbox 807 3499 869 3564; x_wconf 94' lang='lat' dir='ltr'>hoo</span> <span class='ocrx_word' id='word_1_235' title='bbox 894 3515 957 3579; x_wconf 87' lang='lat' dir='ltr'>est,</span> <span class='ocrx_word' id='word_1_236' title='bbox 974 3504 1048 3573; x_wconf 68' lang='lat' dir='ltr'>¹¹De·</span> 
     </span>
     <span class='ocr_line' id='line_1_34' title="bbox 95 3597 1065 3690; baseline 0.002 -21"><span class='ocrx_word' id='word_1_237' title='bbox 95 3626 149 3676; x_wconf 76' lang='grc' dir='ltr'>ιιι,</span> <span class='ocrx_word' id='word_1_238' title='bbox 164 3602 225 3664; x_wconf 90' lang='lat' dir='ltr'>hoe</span> <span class='ocrx_word' id='word_1_239' title='bbox 245 3611 406 3684; x_wconf 86' lang='lat' dir='ltr'>peecatum</span> <span class='ocrx_word' id='word_1_240' title='bbox 427 3621 462 3672; x_wconf 78' lang='lat' dir='ltr'>ex</span> <span class='ocrx_word' id='word_1_241' title='bbox 483 3597 693 3665; x_wconf 81' lang='lat' dir='ltr'>miserioordis</span> <span class='ocrx_word' id='word_1_242' title='bbox 719 3601 859 3679; x_wconf 62' lang='lat' dir='ltr'>temisit3</span> <span class='ocrx_word' id='word_1_243' title='bbox 887 3627 1065 3690; x_wconf 49' lang='lat' dir='ltr'>nunquam,</span> 
     </span>
    </p>

    <p class='ocr_par' dir='ltr' id='par_1_4' title="bbox 133 3709 812 3789">
     <span class='ocr_line' id='line_1_35' title="bbox 133 3709 812 3789; baseline -0.001 -18"><span class='ocrx_word' id='word_1_244' title='bbox 133 3713 246 3771; x_wconf 72' lang='lat' dir='ltr'>humeri</span> <span class='ocrx_word' id='word_1_245' title='bbox 264 3709 325 3789; x_wconf 47' lang='lat' dir='ltr'>Op,</span> <span class='ocrx_word' id='word_1_246' title='bbox 335 3723 434 3785; x_wconf 82' lang='lat' dir='ltr'>exeget.</span> <span class='ocrx_word' id='word_1_247' title='bbox 451 3710 506 3766; x_wconf 79' lang='lat' dir='ltr'>rol.</span> <span class='ocrx_word' id='word_1_248' title='bbox 519 3711 563 3766; x_wconf 83' lang='lat' dir='ltr'>W.</span> <span class='ocrx_word' id='word_1_249' title='bbox 771 3709 812 3770; x_wconf 70' lang='lat'>22</span> 
     </span>
    </p>
   </div>
   <div class='ocr_carea' id='block_1_3' title="bbox 0 0 1136 4028">
    <p class='ocr_par' dir='ltr' id='par_1_5' title="bbox 0 0 1136 4028">
     <span class='ocr_line' id='line_1_36' title="bbox 0 0 1136 4028; baseline 0 0"><span class='ocrx_word' id='word_1_250' title='bbox 0 0 1136 4028; x_wconf 95' lang='lat' dir='ltr'> </span> 
     </span>
    </p>
   </div>
  </div>
 </body>
</html>
