2244 4028
443 172 617 263 gen's‘sis.
741 172 745 183 ’
880 144 1001 251 '55

67 410 69 415 Ι
96 326 233 391 arienrtliu
252 340 378 391 emtas
399 329 569 415 reliquias,
584 330 626 393 'at
652 328 814 393 soalesiaru
845 352 911 395 uon
931 352 998 397 asse

67 448 69 453 '
98 428 212 497 traditus
229 436 401 497 exstinetam.
497 498 500 507 ,
890 432 893 437 ’

165 578 286 666 Sio‘poit
302 577 371 640 soh
392 574 517 637 fuerunt
536 574 686 675 reliquiae
708 573 853 639 suolesias
873 574 997 638 Methu-

107 680 397 761 aristotelicum
419 700 476 739 sua
496 675 622 740 familia.
643 678 719 741 Post
738 678 903 753 diluvium,
924 696 996 740 cum

110 784 193 849 subito
208 786 279 871 iupis
294 784 368 845 Ham
391 781 556 864 posteritas
577 768 740 859 oravisset,
768 794 803 845 st.
819 782 921 845 omnis
939 782 996 843 im·

111 890 192 977 ploret
207 886 339 961 nantolis,
369 884 464 947 Nouh
492 907 563 949 oum
590 884 658 949 filio
680 885 752 950 Sem
774 896 803 949 et
828 884 994 969 nepotibus

67 982 73 991 ’
116 980 253 1083 gubernari
273 990 441 1067 ecclesiam,
470 1004 507 1053 ut
535 1004 700 1075 appareat,
729 989 893 1053 amonium
922 986 994 1049 fidei

117 1112 301 1161 austrasiorum
319 1115 400 1168 asae,
423 1094 509 1176 quod
530 1095 704 1169 oredimus,
724 1114 836 1168 unam,
856 1104 993 1153 sanctam

67 1242 72 1247 -
121 1198 289 1265 eustatium
307 1195 469 1258 ecelesiam
490 1196 633 1258 omuibus
654 1194 765 1256 seculis
795 1192 992 1278 sprinoipio

67 1296 80 1351 ἶ
121 1304 284 1385 nuntiusque
300 1299 330 1359 iu
350 1297 445 1359 tinem
465 1300 583 1361 mundi.
605 1298 734 1380 Semper
755 1296 838 1358 enim
857 1318 993 1359 reserva·

67 1414 81 1452 ³²·
122 1410 155 1473 rit
167 1407 227 1471 Dans
240 1402 283 1466 sibi
300 1402 471 1485 populum,
492 1399 547 1484 qui
568 1398 714 1459 retineret
734 1399 881 1477 verbum,
909 1413 939 1461 et
959 1402 991 1462 in

67 1519 82 1555 :·
101 1572 105 1579 .
123 1510 204 1577 auno
217 1520 335 1591 tanquam
356 1518 460 1569 oustos
476 1516 554 1567 esest
574 1501 737 1587 religionis
757 1514 788 1565 st
808 1524 899 1567 sanas
920 1504 991 1565 doo-

79 1622 95 1666 t
123 1616 200 1687 tinas,
213 1630 240 1671 ua
255 1608 348 1671 omnia
370 1610 592 1694 degenerarent
611 1606 643 1669 in
664 1605 869 1691 impietatem,
891 1620 990 1671 etus·

67 1667 97 1762 ”i
122 1712 218 1783 tit'uiiri
231 1710 302 1773 nulla
322 1722 400 1773 esset
420 1708 499 1773 inter
519 1711 671 1773 homines.

172 1900 236 1987 igitur
250 1900 295 1963 hio
316 1900 443 1965 Petrum
463 1901 623 1986 catalogue
644 1901 734 1963 douet
756 1920 814 1963 nos
835 1898 874 1963 tle
904 1898 989 1983 prin-

116 2004 178 2089 cipaii
190 2005 255 2078 loeo,
281 2004 367 2086 qnod
388 2003 472 2065 Dens
492 2028 652 2086 nunquam
673 2002 832 2066 ecelesiam
864 2001 988 2085 penitus

111 2107 235 2183 deseruerit,
261 2105 316 2167 etsi
345 2105 412 2165 aliis
443 2107 633 2191 temporibus
655 2104 833 2191 copiosior,
859 2106 926 2167 aliis
947 2119 988 2165 te-

108 2213 169 2274 nuior
185 2211 273 2285 fuerit3
301 2209 380 2269 sicut
409 2211 497 2271 stiam
525 2213 664 2274 doctrina
695 2211 764 2271 aliis
794 2209 988 2291 temporibus

106 2315 183 2395 purior,
196 2314 256 2375 aliis
277 2313 443 2373 obscurior
460 2327 516 2387 est.
548 2317 614 2375 Hac
636 2335 691 2395 ape
713 2336 772 2373 noa
794 2334 919 2397 quoque
940 2336 989 2372 au·

101 2430 213 2476 stantunus
231 2416 262 2477 iu
284 2426 368 2476 tauta
390 2418 494 2477 mundi
515 2432 544 2479 et
561 2418 806 2481 adversariorum
822 2413 907 2475 verbi
929 2438 989 2473 me·

92 2516 197 2601 lignitate.
246 2517 334 2579 Siout
365 2518 507 2581 Christus
537 2542 663 2603 quoque
694 2518 899 2595 (Manui-1,
921 2524 986 2589 (ὶῖ.)

87 2642 125 2680 uos
141 2623 318 2692 consolatur,
341 2618 491 2695 futurum,
513 2635 547 2685 ut
567 2635 700 2706 propter
720 2622 790 2703 pios
810 2620 986 2682 abbrevien·

83 2732 118 2781 tur
133 2721 182 2783 dies
200 2722 355 2789 novissimi
376 2725 542 2808 temporisa
573 2738 607 2787 ut
630 2723 743 2784 scilicet
764 2723 893 2785 ecclesia
914 2744 986 2783 oon·

80 2834 196 2898 servetur,
222 2838 251 2885 ot
271 2825 481 2889 Antichristus
508 2851 573 2891 non
594 2826 730 2888 involvat
751 2806 857 2888 omnia
874 2825 985 2887 errori-

78 2925 117 2987 bus
134 2940 158 2987 et
175 2928 347 2990 mendaciis.

130 3094 166 3155 Hi
185 3096 279 3181 igitur
307 3108 436 3177 nepotes
457 3094 529 3156 Sem
556 3093 681 3157 fuerunt
703 3095 832 3158 herodes
853 3099 983 3179 promia·
1008 3106 1013 3119 ‘

74 3192 143 3256 tionis
163 3198 196 3259 de
216 3196 360 3273 Christo,
392 3219 473 3280 quoa
494 3197 578 3259 Deus
610 3212 807 3259 conservatos
829 3213 859 3261 et
880 3198 982 3260 defeu-

74 3316 108 3358 sos
120 3299 216 3373 voluit,
236 3313 270 3361 ut
283 3303 461 3365 exsisterent
481 3323 642 3383 personne,
663 3303 747 3384 apud
769 3324 846 3384 quas
865 3301 982 3363 inveni-

73 3413 131 3461 retur
148 3402 285 3475 ecelesia,
308 3426 363 3464 eeu
384 3403 520 3465 verbum.
562 3403 642 3465 Nom
664 3405 738 3466 haeo
758 3406 895 3487 separari
914 3428 981 3466 non

73 3517 183 3582 possout3
211 3504 266 3563 ubi
295 3520 341 3566 est
364 3506 509 3579 verbnm,
538 3508 581 3567 ibi
608 3522 655 3569 eat
682 3508 832 3581 ecclesio,
864 3507 908 3567 ibi
936 3521 982 3568 sat

73 3601 190 3686 Spiritus,
217 3607 260 3669 ibi
282 3609 425 3672 Christus
460 3622 489 3669 et
518 3610 635 3685 omnia,
664 3607 858 3693 quantumvis
885 3609 980 3691 impie
