2244 4028
518 25 535 57 '·
570 40 596 73 ι.

270 280 273 287 Ι
366 212 383 275 ’,
430 188 640 291 g'ene'si't.
825 196 831 212 ’
934 162 988 275 ΙΜ
1037 254 1040 259 .

77 364 81 373 ’
106 338 203 415 Valet
223 352 330 441 igiter
349 357 401 419 bio
420 360 513 420 loeus
534 356 574 419 ed
602 338 846 419 'confirmandam
871 350 989 417 doetri-

67 478 101 517 ιιι
120 456 256 541 gretiee,
278 472 388 521 contro
408 464 588 525 meritorum
607 474 637 523 et
654 480 785 575 operum
799 456 989 554 dignitatem,

67 578 125 621 tam
144 562 232 623 rotie
255 574 446 648 tantopere
442 564 538 627 effert
579 561 614 626 Si
635 563 719 624 enim
740 581 887 644 quaeres,
908 560 989 644 quid

67 662 124 725 erit
146 640 333 741 Abrabam,
364 678 531 751 antequem
551 678 714 729 vocaretur
731 685 789 748 per
815 663 989 725 misericor

67 784 106 825 em
125 764 254 843 Deum,
285 767 455 851 respondet
481 768 574 831 Iosuo
595 769 665 842 (tt,
687 773 751 843 2·‚]
772 765 868 828 fuisse
889 767 987 828 idolo·

67 886 133 943 nm,
164 867 227 931 boe
248 882 315 946 est,
340 870 484 932 meritum
506 892 571 933 esse
592 882 741 945 mortem,
771 883 800 931 et
821 870 988 939 dementie-

67 988 106 1031 ιιι
125 983 298 1037 aeternnm.
340 974 403 1036 Sed
422 975 455 1035 in
476 974 533 1035 beo
553 972 683 1034 miserie
704 992 769 1033 non
790 972 898 1056 abjicit
918 994 989 1035 eum

67 1072 210 1153 lominus,
233 1077 288 1139 aed
309 1090 399 1139 roeat
420 1099 507 1152 eum,
532 1088 563 1138 et
583 1084 641 1157 'per
660 1075 854 1137 vocationem
875 1098 912 1138 ex
932 1098 991 1153 eo,

67 1176 193 1259 tinibss
214 1190 271 1252 eat,
292 1176 367 1239 faoit
384 1180 499 1240 omnia.
521 1178 629 1239 Feoile
643 1178 748 1251 oredo,
769 1176 988 1256 Abrebsmum,

67 1278 152 1365 iqnie
174 1278 282 1343 uiriles
304 1281 432 1344 virtutes
453 1294 586 1365 spectet,
614 1278 708 1341 fuisse
739 1280 989 1343 honestissimum

67 1384 229 1459 ominem,-
226 1394 271 1445 ·et
293 1398 440 1481 qnantum
462 1397 572 1445 nature
592 1380 669 1457 fert,
695 1382 848 1463 optimum
870 1383 988 1463 ritum,

67 1486 92 1547 ri
111 1506 176 1547 non
197 1486 337 1548 indulsit
358 1487 501 1563 libidini,
529 1486 670 1549 avaritiae
692 1496 729 1551 et
749 1484 820 1545 aliis
831 1486 994 1568 eupidita-

67 1590 118 1651 bus
147 1586 267 1663 foedis,
300 1590 356 1651 sed
392 1588 604 1651 moderatione
629 1586 702 1650 rioit
727 1588 776 1650 vel
805 1586 990 1673 gubernavit

67 1712 143 1755 teooa
162 1692 310 1775 impetus
329 1693 451 1755 vitiatae
472 1704 607 1751 naturae.

115 1792 197 1855 Nem
219 1796 417 1878 Babylonica
437 1792 566 1893 religio
572 1790 720 1852 Nimrodi
740 1787 798 1851 fuit
829 1792 990 1876 speciosis-

67 1894 135 1969 ima,
162 1896 187 1957 ri
208 1897 341 1979 quidem
362 1899 463 1960 Deum
494 1872 659 1958 colrieruut
687 1892 745 1953 sub
771 1894 863 1957 'titulo
890 1897 989 1973 lueis,

67 2018 121 2057 uae
140 1996 259 2079 optime
284 1997 382 2061 forma
404 1996 523 2081 seufig
503 2020 579 2057 vura
602 1994 723 2055 divinae
739 1999 904 2076 mejestatis
926 1996 995 2061 est·'

67 2101 171 2179 ;ipeae
194 2121 306 2161 eaerae
328 2104 433 2164 literae
448 2101 546 2162 Deum
569 2099 670 2157 lucem
692 2099 849 2181 appellent
872 2102 989 2174 (t.lob.

71 2207 126 2276 ,5.
148 2200 200 2263 Ps.
228 2205 307 2276 104,
331 2210 385 2277 9.).
429 2207 485 2269 Ad
507 2206 588 2264 huno
610 2201 746 2274 cultum,
774 2203 827 2283 qui
848 2205 991 2284 pulcher-

67 2302 149 2364 imam
168 2307 310 2387 speeiem
333 2304 455 2379 habuit,
487 2304 614 2365 necessit
636 2303 728 2362 etiem
749 2306 809 2364 vita
831 2320 861 2365 et
889 2328 991 2369 morea

67 2407 175 2468 trebati.
214 2411 327 2492 ltaque
349 2407 481 2490 amplexi
501 2407 581 2467 beno
601 2404 782 2490 religionem
804 2425 878 2472 eunt
897 2412 991 2473 etiam

67 2524 216 2573 anctorum
239 2510 369 2594 posteri.

118 2612 178 2674 Est
201 2615 289 2675 enim
313 2611 488 2695 superstitio
509 2610 655 2691 pestilens
686 2608 883 2693 imperatrix,
912 2616 995 2697 quae

68 2714 191 2775 mnibus
218 2716 336 2776 seculis
357 2726 468 2798 regnet
484 2713 517 2772 in
540 2713 669 2787 mundo,
692 2725 721 2772 et
743 2716 878 2775 mundus
896 2713 991 2797 impe-

67 2816 122 2875 ium
144 2818 214 2898 ejus
236 2818 350 2899 cupide
372 2815 575 2898 amplectitur.
619 2811 682 2873 Sed
702 2814 734 2872 in
757 2817 815 2877 hee
836 2818 941 2880 lucide
962 2831 992 2880 et

67 2917 226 2997 plendente
247 2920 402 3004 religione
420 2920 488 3000 ipse
512 2916 674 2979 Abrabam
700 2931 744 2978 est
765 2920 918 3001 captivum
940 2919 992 2980 Se-

67 3040 131 3081 auee
153 3021 354 3103 mancipium,
376 3022 431 3105 qui
453 3021 529 3083 colit
539 3020 640 3078 Deum
662 3038 726 3078 non
749 3042 785 3080 eo
803 3023 906 3098 modo,
928 3043 991 3105 quo

68 3144 113 3203 pse
133 3122 218 3184 Deus
240 3145 273 3185 se
306 3126 402 3187 voluit
431 3123 508 3197 coli,
542 3119 595 3182 eed
625 3119 703 3179 sicut
731 3144 800 3183 eum
821 3123 903 3185 videt
930 3122 994 3185 ooli

67 3222 191 3299 tbillis,
214 3228 267 3307 qni
287 3249 435 3302 numero,
458 3225 623 3306 dignitate,
651 3226 789 3304 potentie
810 3239 927 3287 sanetas
948 3228 1001 3286 ro-'

67 3324 165 3408 liquies
187 3328 312 3410 piorum
334 3330 462 3390 Petrum
482 3324 653 3389 vincebant,

132 3430 188 3491 Est
208 3433 305 3516 igitur
326 3431 506 3503 Abraham,
528 3428 606 3489 siout
628 3447 721 3508 supro
743 3426 823 3502 dixi,
852 3428 928 3489 nihil
949 3428 995 3489 ni-

80 3530 242 3608 simeterie,
272 3558 362 3618 quem
385 3531 491 3594 divine
511 3532 653 3614 majestas
681 3532 904 3610 perverbum,
928 3556 995 3617 ‘quo

85 3652 134 3693 tem
150 3646 267 3709 evocet,
289 3637 504 3719 apprehendit,
527 3650 557 3696 et
577 3631 688 3694 formet
708 3632 741 3692 in
764 3652 880 3696 norum
900 3632 1000 3697 homi:

105 3743 199 3792 lutheri
215 3746 263 3813 Op.
284 3758 380 3815 erepet.
403 3746 452 3795 rol.
466 3744 511 3796 ΙΙΙ.
603 3738 625 3801 ὅ
