<?xml version="1.0" encoding="UTF-8"?>
<!DOCTYPE html PUBLIC "-//W3C//DTD XHTML 1.0 Transitional//EN"
    "http://www.w3.org/TR/xhtml1/DTD/xhtml1-transitional.dtd">
<html xmlns="http://www.w3.org/1999/xhtml" xml:lang="en" lang="en">
 <head>
  <title>
</title>
<meta http-equiv="Content-Type" content="text/html;charset=utf-8" />
  <meta name='ocr-system' content='tesseract 3.04.00' />
  <meta name='ocr-capabilities' content='ocr_page ocr_carea ocr_par ocr_line ocrx_word'/>
</head>
<body>
  <div class='ocr_page' id='page_1' title='image "./exegeticaoperal00luthgoog_0205.png"; bbox 0 0 2244 4028; ppageno 0'>
   <div class='ocr_carea' id='block_1_1' title="bbox 103 153 952 253">
    <p class='ocr_par' dir='ltr' id='par_1_1' title="bbox 103 153 952 253">
     <span class='ocr_line' id='line_1_1' title="bbox 103 153 952 253; baseline 0.006 -36"><span class='ocrx_word' id='word_1_1' title='bbox 103 164 246 233; x_wconf 59' lang='grc' dir='ltr'><strong>,ξω</strong></span> <span class='ocrx_word' id='word_1_2' title='bbox 281 153 889 272; x_wconf 73' lang='lat' dir='ltr'><strong>Deoiman&#39;tsrtiumcapnt</strong></span> <span class='ocrx_word' id='word_1_3' title='bbox 949 206 952 211; x_wconf 69' lang='lat'><em>.</em></span> 
     </span>
    </p>
   </div>
   <div class='ocr_carea' id='block_1_2' title="bbox 111 306 1068 428">
    <p class='ocr_par' dir='ltr' id='par_1_2' title="bbox 111 306 1068 428">
     <span class='ocr_line' id='line_1_2' title="bbox 111 306 1068 428; baseline -0.005 -50.963"><span class='ocrx_word' id='word_1_4' title='bbox 111 332 182 377; x_wconf 74' lang='lat' dir='ltr'><strong>aaa:</strong></span> <span class='ocrx_word' id='word_1_5' title='bbox 195 310 349 396; x_wconf 68' lang='lat' dir='ltr'><strong>pereant?</strong></span> <span class='ocrx_word' id='word_1_6' title='bbox 384 306 469 386; x_wconf 79' lang='lat' dir='ltr'><strong>Sed,</strong></span> <span class='ocrx_word' id='word_1_7' title='bbox 485 307 526 386; x_wconf 88' lang='lat' dir='ltr'><strong>&#39;ut</strong></span> <span class='ocrx_word' id='word_1_8' title='bbox 544 309 622 389; x_wconf 84' lang='lat' dir='ltr'><strong>dixi,</strong></span> <span class='ocrx_word' id='word_1_9' title='bbox 641 308 797 396; x_wconf 81' lang='lat' dir='ltr'><strong>requirit</strong></span> <span class='ocrx_word' id='word_1_10' title='bbox 782 309 893 416; x_wconf 78' lang='lat' dir='ltr'><strong>hasa</strong></span> <span class='ocrx_word' id='word_1_11' title='bbox 897 307 1068 428; x_wconf 72' lang='lat' dir='ltr'><strong>moderatio</strong></span> 
     </span>
    </p>
   </div>
   <div class='ocr_carea' id='block_1_3' title="bbox 17 411 548 503">
    <p class='ocr_par' dir='ltr' id='par_1_3' title="bbox 17 411 548 503">
     <span class='ocr_line' id='line_1_3' title="bbox 17 411 548 503; baseline -0.013 -22"><span class='ocrx_word' id='word_1_12' title='bbox 17 418 34 459; x_wconf 56' lang='lat' dir='ltr'><strong>&#39;t</strong></span> <span class='ocrx_word' id='word_1_13' title='bbox 126 415 328 503; x_wconf 82' lang='lat' dir='ltr'><strong>singularem</strong></span> <span class='ocrx_word' id='word_1_14' title='bbox 339 411 548 497; x_wconf 78' lang='lat' dir='ltr'>prudentiam</span> 
     </span>
    </p>
   </div>
   <div class='ocr_carea' id='block_1_4' title="bbox 32 507 1090 2357">
    <p class='ocr_par' dir='ltr' id='par_1_4' title="bbox 56 507 1070 615">
     <span class='ocr_line' id='line_1_4' title="bbox 56 507 1070 615; baseline -0.006 -35"><span class='ocrx_word' id='word_1_15' title='bbox 56 520 59 530; x_wconf 83' lang='lat'><em>&#39;</em></span> <span class='ocrx_word' id='word_1_16' title='bbox 121 546 139 585; x_wconf 81' lang='grc'><strong>,·</strong></span> <span class='ocrx_word' id='word_1_17' title='bbox 205 516 386 615; x_wconf 78' lang='lat' dir='ltr'><strong>Imperator,</strong></span> <span class='ocrx_word' id='word_1_18' title='bbox 408 516 531 590; x_wconf 87' lang='lat' dir='ltr'><strong>dieunt,</strong></span> <span class='ocrx_word' id='word_1_19' title='bbox 548 507 946 577; x_wconf 80' lang='lat' dir='ltr'><strong>aatlex&#39;‘v1raetrn1mata</strong></span> <span class='ocrx_word' id='word_1_20' title='bbox 969 512 1070 575; x_wconf 82' lang='lat' dir='ltr'><strong>&#39;l&#39;heo</strong></span> 
     </span>
    </p>

    <p class='ocr_par' dir='ltr' id='par_1_5' title="bbox 114 607 1069 707">
     <span class='ocr_line' id='line_1_5' title="bbox 114 607 1069 707; baseline -0.008 -23"><span class='ocrx_word' id='word_1_21' title='bbox 114 607 318 707; x_wconf 67' lang='lat' dir='ltr'><strong>‘lugientem</strong></span> <span class='ocrx_word' id='word_1_22' title='bbox 340 618 464 694; x_wconf 77' lang='lat' dir='ltr'><strong>dicunt,</strong></span> <span class='ocrx_word' id='word_1_23' title='bbox 493 618 598 704; x_wconf 83' lang='lat' dir='ltr'><strong>legem</strong></span> <span class='ocrx_word' id='word_1_24' title='bbox 625 636 693 679; x_wconf 83' lang='lat' dir='ltr'><strong>esse</strong></span> <span class='ocrx_word' id='word_1_25' title='bbox 713 613 890 677; x_wconf 85' lang='lat' dir='ltr'><strong>consilium</strong></span> <span class='ocrx_word' id='word_1_26' title='bbox 900 615 1030 682; x_wconf 87' lang='lat' dir='ltr'><strong>boni</strong></span> <span class='ocrx_word' id='word_1_27' title='bbox 1002 615 1069 678; x_wconf 80' lang='lat' dir='ltr'><strong>vrri.</strong></span> 
     </span>
    </p>

    <p class='ocr_par' dir='ltr' id='par_1_6' title="bbox 72 716 1071 813">
     <span class='ocr_line' id='line_1_6' title="bbox 72 716 1071 813; baseline -0.001 -29"><span class='ocrx_word' id='word_1_28' title='bbox 72 789 81 807; x_wconf 26' lang='grc' dir='ltr'>ἱ</span> <span class='ocrx_word' id='word_1_29' title='bbox 119 718 240 784; x_wconf 75' lang='lat' dir='ltr'><strong>Nam</strong></span> <span class='ocrx_word' id='word_1_30' title='bbox 237 720 339 803; x_wconf 87' lang='lat' dir='ltr'><strong>posita</strong></span> <span class='ocrx_word' id='word_1_31' title='bbox 365 720 436 807; x_wconf 80' lang='lat' dir='ltr'><strong>lege</strong></span> <span class='ocrx_word' id='word_1_32' title='bbox 463 721 652 813; x_wconf 82' lang='lat' dir='ltr'><strong>relinquitur</strong></span> <span class='ocrx_word' id='word_1_33' title='bbox 672 716 862 801; x_wconf 83' lang='lat' dir='ltr'><strong>prudentia,</strong></span> <span class='ocrx_word' id='word_1_34' title='bbox 897 738 977 801; x_wconf 83' lang='lat' dir='ltr'><strong>quae</strong></span> <span class='ocrx_word' id='word_1_35' title='bbox 1006 739 1071 783; x_wconf 79' lang='lat' dir='ltr'><strong>eam</strong></span> 
     </span>
    </p>

    <p class='ocr_par' dir='ltr' id='par_1_7' title="bbox 23 814 1070 909">
     <span class='ocr_line' id='line_1_7' title="bbox 126 816 1070 909; baseline -0.002 -25.197"><span class='ocrx_word' id='word_1_36' title='bbox 126 824 304 909; x_wconf 80' lang='lat' dir='ltr'><strong>moderetur</strong></span> <span class='ocrx_word' id='word_1_37' title='bbox 329 821 363 884; x_wconf 90' lang='lat' dir='ltr'><strong>in</strong></span> <span class='ocrx_word' id='word_1_38' title='bbox 389 816 481 909; x_wconf 80' lang='lat' dir='ltr'><strong>certis¹</strong></span> <span class='ocrx_word' id='word_1_39' title='bbox 503 823 634 886; x_wconf 86' lang='lat' dir='ltr'><strong>casibus.</strong></span> <span class='ocrx_word' id='word_1_40' title='bbox 674 820 884 903; x_wconf 60' lang='lat' dir='ltr'><strong>Impossibilq</strong></span> <span class='ocrx_word' id='word_1_41' title='bbox 903 821 988 883; x_wconf 87' lang='lat' dir='ltr'><strong>enim</strong></span> <span class='ocrx_word' id='word_1_42' title='bbox 1016 835 1070 898; x_wconf 89' lang='lat' dir='ltr'><strong>est,</strong></span> 
     </span>
    </p>

    <p class='ocr_par' dir='ltr' id='par_1_8' title="bbox 32 907 1072 1111">
     <span class='ocr_line' id='line_1_8' title="bbox 32 907 1072 1010; baseline -0.001 -23"><span class='ocrx_word' id='word_1_43' title='bbox 32 907 66 937; x_wconf 28' lang='grc' dir='ltr'><em>Ἴ</em></span> <span class='ocrx_word' id='word_1_44' title='bbox 123 920 338 1010; x_wconf 81' lang='lat' dir='ltr'><strong>legislatorem</strong></span> <span class='ocrx_word' id='word_1_45' title='bbox 358 924 473 987; x_wconf 69' lang='lat' dir='ltr'><strong>videre</strong></span> <span class='ocrx_word' id='word_1_46' title='bbox 485 945 591 986; x_wconf 88' lang='lat' dir='ltr'><strong>omnes</strong></span> <span class='ocrx_word' id='word_1_47' title='bbox 603 924 822 1007; x_wconf 80' lang='lat' dir='ltr'><strong>particulares·</strong></span> <span class='ocrx_word' id='word_1_48' title='bbox 833 937 863 987; x_wconf 87' lang='lat' dir='ltr'><strong>et</strong></span> <span class='ocrx_word' id='word_1_49' title='bbox 882 924 1072 986; x_wconf 75' lang='lat' dir='ltr'><strong>universales</strong></span> 
     </span>
     <span class='ocr_line' id='line_1_9' title="bbox 122 1023 1003 1111; baseline -0.007 -19"><span class='ocrx_word' id='word_1_50' title='bbox 122 1046 226 1103; x_wconf 67' lang='lat' dir='ltr'><strong>meua,</strong></span> <span class='ocrx_word' id='word_1_51' title='bbox 247 1026 302 1111; x_wconf 87' lang='lat' dir='ltr'><strong>qui</strong></span> <span class='ocrx_word' id='word_1_52' title='bbox 321 1040 455 1111; x_wconf 68' lang='lat' dir='ltr'><strong>possunt*</strong></span> <span class='ocrx_word' id='word_1_53' title='bbox 472 1023 628 1091; x_wconf 85' lang='lat' dir='ltr'><strong>incidere:</strong></span> <span class='ocrx_word' id='word_1_54' title='bbox 650 1041 722 1089; x_wconf 88' lang='lat' dir='ltr'><strong>sunt</strong></span> <span class='ocrx_word' id='word_1_55' title='bbox 742 1027 824 1090; x_wconf 86' lang='lat' dir='ltr'><strong>enim</strong></span> <span class='ocrx_word' id='word_1_56' title='bbox 845 1024 969 1087; x_wconf 81' lang='lat' dir='ltr'><strong>infiniti.</strong></span> <span class='ocrx_word' id='word_1_57' title='bbox 1000 1060 1003 1065; x_wconf 94' lang='lat'><em>·</em></span> 
     </span>
    </p>

    <p class='ocr_par' dir='ltr' id='par_1_9' title="bbox 38 1128 1090 1831">
     <span class='ocr_line' id='line_1_10' title="bbox 141 1128 1073 1216; baseline 0 -28"><span class='ocrx_word' id='word_1_58' title='bbox 141 1180 144 1188; x_wconf 90' lang='lat'>.</span> <span class='ocrx_word' id='word_1_59' title='bbox 209 1128 317 1191; x_wconf 80' lang='lat' dir='ltr'><strong>Posito</strong></span> <span class='ocrx_word' id='word_1_60' title='bbox 339 1129 438 1216; x_wconf 83' lang='lat' dir='ltr'><strong>igitar</strong></span> <span class='ocrx_word' id='word_1_61' title='bbox 457 1131 527 1215; x_wconf 80' lang='lat' dir='ltr'><strong>lege</strong></span> <span class='ocrx_word' id='word_1_62' title='bbox 556 1130 722 1194; x_wconf 87' lang='lat' dir='ltr'><strong>secundum</strong></span> <span class='ocrx_word' id='word_1_63' title='bbox 743 1129 913 1215; x_wconf 82' lang='lat' dir='ltr'><strong>theologos</strong></span> <span class='ocrx_word' id='word_1_64' title='bbox 936 1134 1073 1188; x_wconf 82' lang='lat' dir='ltr'><strong>necessa-</strong></span> 
     </span>
     <span class='ocr_line' id='line_1_11' title="bbox 122 1228 1074 1320; baseline -0.005 -27"><span class='ocrx_word' id='word_1_65' title='bbox 122 1228 177 1293; x_wconf 88' lang='lat' dir='ltr'><strong>·rio</strong></span> <span class='ocrx_word' id='word_1_66' title='bbox 198 1229 371 1301; x_wconf 81' lang='lat' dir='ltr'><strong>includitur</strong></span> <span class='ocrx_word' id='word_1_67' title='bbox 392 1233 556 1295; x_wconf 86' lang='lat' dir='ltr'><strong>consilium</strong></span> <span class='ocrx_word' id='word_1_68' title='bbox 572 1234 656 1296; x_wconf 75' lang='lat' dir='ltr'><strong>noni</strong></span> <span class='ocrx_word' id='word_1_69' title='bbox 669 1234 728 1297; x_wconf 79' lang='lat' dir='ltr'><strong>viri</strong></span> <span class='ocrx_word' id='word_1_70' title='bbox 748 1232 951 1320; x_wconf 75' lang='lat' dir='ltr'><strong>gubernantis</strong></span> <span class='ocrx_word' id='word_1_71' title='bbox 971 1229 1074 1315; x_wconf 85' lang='lat' dir='ltr'><strong>legem</strong></span> 
     </span>
     <span class='ocr_line' id='line_1_12' title="bbox 121 1326 1090 1419; baseline -0.001 -24"><span class='ocrx_word' id='word_1_72' title='bbox 121 1332 165 1396; x_wconf 84' lang='lat' dir='ltr'><strong>&#39;in</strong></span> <span class='ocrx_word' id='word_1_73' title='bbox 185 1326 514 1410; x_wconf 60' lang='lat' dir='ltr'><strong>futuris-casibns&#39;,&#39;ne</strong></span> <span class='ocrx_word' id='word_1_74' title='bbox 535 1334 575 1398; x_wconf 88' lang='lat' dir='ltr'><strong>sit</strong></span> <span class='ocrx_word' id='word_1_75' title='bbox 595 1328 705 1400; x_wconf 79' lang='lat' dir='ltr'><strong>noxia:</strong></span> <span class='ocrx_word' id='word_1_76' title='bbox 738 1336 793 1399; x_wconf 88' lang='lat' dir='ltr'><strong>sed</strong></span> <span class='ocrx_word' id='word_1_77' title='bbox 813 1349 848 1398; x_wconf 87' lang='lat' dir='ltr'><strong>nt</strong></span> <span class='ocrx_word' id='word_1_78' title='bbox 874 1355 1001 1416; x_wconf 74' lang='lat' dir='ltr'><strong>semper</strong></span> <span class='ocrx_word' id='word_1_79' title='bbox 1030 1354 1090 1419; x_wconf 77' lang='lat' dir='ltr'><strong>re¹</strong></span> 
     </span>
     <span class='ocr_line' id='line_1_13' title="bbox 41 1422 1077 1525; baseline -0.003 -26"><span class='ocrx_word' id='word_1_80' title='bbox 41 1451 44 1465; x_wconf 83' lang='lat'><strong>·</strong></span> <span class='ocrx_word' id='word_1_81' title='bbox 123 1436 262 1506; x_wconf 68' lang='lat' dir='ltr'><strong>sineatur</strong></span> <span class='ocrx_word' id='word_1_82' title='bbox 281 1422 468 1522; x_wconf 42' lang='lat' dir='ltr'><strong>finia&#39;legis,</strong></span> <span class='ocrx_word' id='word_1_83' title='bbox 489 1445 523 1497; x_wconf 90' lang='lat' dir='ltr'><strong>ut</strong></span> <span class='ocrx_word' id='word_1_84' title='bbox 542 1439 642 1522; x_wconf 81' lang='lat' dir='ltr'><strong>prosit</strong></span> <span class='ocrx_word' id='word_1_85' title='bbox 671 1451 701 1502; x_wconf 86' lang='lat' dir='ltr'><strong>et</strong></span> <span class='ocrx_word' id='word_1_86' title='bbox 729 1439 983 1525; x_wconf 74' lang='lat' dir='ltr'><strong>tranquillitatem</strong></span> <span class='ocrx_word' id='word_1_87' title='bbox 1015 1459 1077 1501; x_wconf 88' lang='lat' dir='ltr'><strong>aer-</strong></span> 
     </span>
     <span class='ocr_line' id='line_1_14' title="bbox 43 1522 1075 1619; baseline -0.002 -15"><span class='ocrx_word' id='word_1_88' title='bbox 43 1522 53 1548; x_wconf 46' lang='lat'>*</span> <span class='ocrx_word' id='word_1_89' title='bbox 80 1550 189 1604; x_wconf 55' lang='lat' dir='ltr'><strong>Rvet.</strong></span> <span class='ocrx_word' id='word_1_90' title='bbox 231 1538 264 1603; x_wconf 85' lang='lat' dir='ltr'><strong>si</strong></span> <span class='ocrx_word' id='word_1_91' title='bbox 294 1539 376 1601; x_wconf 89' lang='lat' dir='ltr'><strong>enim</strong></span> <span class='ocrx_word' id='word_1_92' title='bbox 395 1538 445 1601; x_wconf 85' lang='lat' dir='ltr'><strong>lex</strong></span> <span class='ocrx_word' id='word_1_93' title='bbox 463 1553 571 1602; x_wconf 88' lang='lat' dir='ltr'><strong>contra</strong></span> <span class='ocrx_word' id='word_1_94' title='bbox 591 1541 747 1604; x_wconf 84' lang='lat' dir='ltr'><strong>caritatem</strong></span> <span class='ocrx_word' id='word_1_95' title='bbox 769 1555 832 1619; x_wconf 88' lang='lat' dir='ltr'><strong>cst,</strong></span> <span class='ocrx_word' id='word_1_96' title='bbox 854 1563 919 1604; x_wconf 89' lang='lat' dir='ltr'><strong>non</strong></span> <span class='ocrx_word' id='word_1_97' title='bbox 942 1553 989 1604; x_wconf 89' lang='lat' dir='ltr'><strong>est</strong></span> <span class='ocrx_word' id='word_1_98' title='bbox 1008 1541 1075 1603; x_wconf 75' lang='lat' dir='ltr'><strong>laxe</strong></span> 
     </span>
     <span class='ocr_line' id='line_1_15' title="bbox 46 1638 1078 1734; baseline -0.003 -28"><span class='ocrx_word' id='word_1_99' title='bbox 46 1658 49 1669; x_wconf 88' lang='grc'>·</span> <span class='ocrx_word' id='word_1_100' title='bbox 117 1643 188 1719; x_wconf 64' lang='lat' dir='ltr'><strong>faed</strong></span> <span class='ocrx_word' id='word_1_101' title='bbox 216 1638 323 1706; x_wconf 84' lang='lat' dir='ltr'><strong>caritas</strong></span> <span class='ocrx_word' id='word_1_102' title='bbox 350 1654 395 1703; x_wconf 88' lang='lat' dir='ltr'><strong>est</strong></span> <span class='ocrx_word' id='word_1_103' title='bbox 423 1642 547 1704; x_wconf 86' lang='lat' dir='ltr'><strong>domina</strong></span> <span class='ocrx_word' id='word_1_104' title='bbox 576 1658 606 1706; x_wconf 87' lang='lat' dir='ltr'><strong>et</strong></span> <span class='ocrx_word' id='word_1_105' title='bbox 625 1645 776 1734; x_wconf 86' lang='lat' dir='ltr'><strong>magistra</strong></span> <span class='ocrx_word' id='word_1_106' title='bbox 796 1643 897 1731; x_wconf 82' lang='lat' dir='ltr'><strong>legis,</strong></span> <span class='ocrx_word' id='word_1_107' title='bbox 925 1666 961 1707; x_wconf 90' lang='lat' dir='ltr'><strong>ac</strong></span> <span class='ocrx_word' id='word_1_108' title='bbox 989 1642 1078 1728; x_wconf 83' lang='lat' dir='ltr'><strong>jubet</strong></span> 
     </span>
     <span class='ocr_line' id='line_1_16' title="bbox 38 1739 1077 1862; baseline 0.004 -58"><span class='ocrx_word' id='word_1_109' title='bbox 38 1739 41 1746; x_wconf 70' lang='grc'><em>’</em></span> <span class='ocrx_word' id='word_1_110' title='bbox 86 1812 89 1817; x_wconf 49' lang='grc'><strong>,</strong></span> <span class='ocrx_word' id='word_1_111' title='bbox 127 1753 232 1805; x_wconf 77' lang='lat' dir='ltr'><strong>tacere</strong></span> <span class='ocrx_word' id='word_1_112' title='bbox 251 1740 364 1823; x_wconf 83' lang='lat' dir='ltr'><strong>legem,</strong></span> <span class='ocrx_word' id='word_1_113' title='bbox 384 1758 420 1807; x_wconf 88' lang='lat' dir='ltr'><strong>ut</strong></span> <span class='ocrx_word' id='word_1_114' title='bbox 441 1767 519 1862; x_wconf 84' lang='lat' dir='ltr'><strong>quac</strong></span> <span class='ocrx_word' id='word_1_115' title='bbox 540 1752 605 1809; x_wconf 86' lang='lat' dir='ltr'><strong>non</strong></span> <span class='ocrx_word' id='word_1_116' title='bbox 619 1749 679 1831; x_wconf 82' lang='lat' dir='ltr'><strong>jus,</strong></span> <span class='ocrx_word' id='word_1_117' title='bbox 701 1747 783 1843; x_wconf 89' lang='lat' dir='ltr'><strong>sed</strong></span> <span class='ocrx_word' id='word_1_118' title='bbox 774 1747 918 1830; x_wconf 77' lang='lat' dir='ltr'><strong>injuriam</strong></span> <span class='ocrx_word' id='word_1_119' title='bbox 937 1744 1077 1808; x_wconf 86' lang='lat' dir='ltr'><strong>incertis</strong></span> 
     </span>
    </p>

    <p class='ocr_par' dir='ltr' id='par_1_10' title="bbox 62 1839 1079 1933">
     <span class='ocr_line' id='line_1_17' title="bbox 62 1839 1079 1933; baseline 0.002 -25"><span class='ocrx_word' id='word_1_120' title='bbox 62 1854 66 1864; x_wconf 91' lang='grc'><strong>“</strong></span> <span class='ocrx_word' id='word_1_121' title='bbox 129 1843 261 1909; x_wconf 77' lang='lat' dir='ltr'><strong>casibus</strong></span> <span class='ocrx_word' id='word_1_122' title='bbox 266 1843 404 1925; x_wconf 88' lang='lat' dir='ltr'><strong>doceat,</strong></span> <span class='ocrx_word' id='word_1_123' title='bbox 432 1846 460 1910; x_wconf 84' lang='lat' dir='ltr'><strong>ai</strong></span> <span class='ocrx_word' id='word_1_124' title='bbox 490 1848 559 1933; x_wconf 86' lang='lat' dir='ltr'><strong>quis</strong></span> <span class='ocrx_word' id='word_1_125' title='bbox 588 1868 655 1913; x_wconf 84' lang='lat' dir='ltr'><strong>eam</strong></span> <span class='ocrx_word' id='word_1_126' title='bbox 683 1839 752 1914; x_wconf 87' lang='lat' dir='ltr'><strong>sino</strong></span> <span class='ocrx_word' id='word_1_127' title='bbox 771 1849 983 1914; x_wconf 77' lang='lat' dir='ltr'><strong>moderatione</strong></span> <span class='ocrx_word' id='word_1_128' title='bbox 1005 1848 1079 1913; x_wconf 80' lang='lat' dir='ltr'><strong>velit</strong></span> 
     </span>
    </p>

    <p class='ocr_par' dir='ltr' id='par_1_11' title="bbox 124 1967 584 2036">
     <span class='ocr_line' id='line_1_18' title="bbox 124 1967 584 2036; baseline -0.015 -24"><span class='ocrx_word' id='word_1_129' title='bbox 124 1967 242 2036; x_wconf 75' lang='lat' dir='ltr'><strong>sequa·¹</strong></span> <span class='ocrx_word' id='word_1_130' title='bbox 512 1968 516 1975; x_wconf 93' lang='lat'>·</span> <span class='ocrx_word' id='word_1_131' title='bbox 580 2013 584 2022; x_wconf 27' lang='lat'><em>¹</em></span> 
     </span>
    </p>

    <p class='ocr_par' dir='ltr' id='par_1_12' title="bbox 133 2037 1079 2345">
     <span class='ocr_line' id='line_1_19' title="bbox 213 2037 1079 2133; baseline 0.001 -23"><span class='ocrx_word' id='word_1_132' title='bbox 213 2037 299 2111; x_wconf 83' lang='lat' dir='ltr'><strong>Hinc</strong></span> <span class='ocrx_word' id='word_1_133' title='bbox 319 2048 545 2113; x_wconf 85' lang='lat' dir='ltr'><strong>Gennanorum</strong></span> <span class='ocrx_word' id='word_1_134' title='bbox 572 2048 752 2133; x_wconf 80' lang='lat' dir='ltr'><strong>proverbia</strong></span> <span class='ocrx_word' id='word_1_135' title='bbox 764 2051 802 2115; x_wconf 90' lang='lat' dir='ltr'><strong>de</strong></span> <span class='ocrx_word' id='word_1_136' title='bbox 832 2052 963 2117; x_wconf 86' lang='lat' dir='ltr'><strong>doctore</strong></span> <span class='ocrx_word' id='word_1_137' title='bbox 983 2048 1079 2122; x_wconf 85' lang='lat' dir='ltr'><strong>medi-</strong></span> 
     </span>
     <span class='ocr_line' id='line_1_20' title="bbox 133 2140 1076 2245; baseline -0.005 -25"><span class='ocrx_word' id='word_1_138' title='bbox 133 2150 219 2221; x_wconf 78' lang='lat' dir='ltr'><strong>oinse</strong></span> <span class='ocrx_word' id='word_1_139' title='bbox 239 2155 365 2239; x_wconf 83' lang='lat' dir='ltr'><strong>juvene,</strong></span> <span class='ocrx_word' id='word_1_140' title='bbox 386 2156 521 2238; x_wconf 87' lang='lat' dir='ltr'><strong>quod</strong></span> <span class='ocrx_word' id='word_1_141' title='bbox 489 2174 522 2219; x_wconf 86' lang='lat' dir='ltr'><strong>er</strong></span> <span class='ocrx_word' id='word_1_142' title='bbox 543 2165 623 2245; x_wconf 84' lang='lat' dir='ltr'><strong>opus</strong></span> <span class='ocrx_word' id='word_1_143' title='bbox 645 2155 696 2218; x_wconf 79' lang='lat' dir='ltr'><strong>sit</strong></span> <span class='ocrx_word' id='word_1_144' title='bbox 703 2176 787 2218; x_wconf 80' lang='lat' dir='ltr'><strong>novo</strong></span> <span class='ocrx_word' id='word_1_145' title='bbox 808 2140 1012 2219; x_wconf 81' lang='lat' dir='ltr'><strong>coemeterio.</strong></span> <span class='ocrx_word' id='word_1_146' title='bbox 1040 2154 1076 2215; x_wconf 92' lang='lat' dir='ltr'><strong>de</strong></span> 
     </span>
     <span class='ocr_line' id='line_1_21' title="bbox 133 2230 1079 2357; baseline -0.004 -37"><span class='ocrx_word' id='word_1_147' title='bbox 133 2230 344 2345; x_wconf 81' lang='lat' dir='ltr'><strong>jrireoona&#39;ulto</strong></span> <span class='ocrx_word' id='word_1_148' title='bbox 365 2277 471 2319; x_wconf 86' lang='lat' dir='ltr'><strong>recens</strong></span> <span class='ocrx_word' id='word_1_149' title='bbox 493 2258 532 2320; x_wconf 90' lang='lat' dir='ltr'><strong>ad</strong></span> <span class='ocrx_word' id='word_1_150' title='bbox 552 2234 775 2343; x_wconf 86' lang='lat' dir='ltr'><strong>rempublicam</strong></span> <span class='ocrx_word' id='word_1_151' title='bbox 795 2259 976 2357; x_wconf 80' lang='lat' dir='ltr'><strong>accedente,</strong></span> <span class='ocrx_word' id='word_1_152' title='bbox 995 2256 1079 2341; x_wconf 88' lang='lat' dir='ltr'><strong>quod</strong></span> 
     </span>
    </p>
   </div>
   <div class='ocr_carea' id='block_1_5' title="bbox 132 2356 1079 2457">
    <p class='ocr_par' dir='ltr' id='par_1_13' title="bbox 132 2356 1079 2457">
     <span class='ocr_line' id='line_1_22' title="bbox 132 2356 1079 2457; baseline -0.003 -32"><span class='ocrx_word' id='word_1_153' title='bbox 132 2363 272 2425; x_wconf 82' lang='lat' dir='ltr'><strong>involvat</strong></span> <span class='ocrx_word' id='word_1_154' title='bbox 299 2356 390 2422; x_wconf 84' lang='lat' dir='ltr'><strong>bellis</strong></span> <span class='ocrx_word' id='word_1_155' title='bbox 418 2361 541 2424; x_wconf 70' lang='lat' dir='ltr'><strong>ananias</strong></span> <span class='ocrx_word' id='word_1_156' title='bbox 576 2365 615 2448; x_wconf 83' lang='lat' dir='ltr'><strong>de</strong></span> <span class='ocrx_word' id='word_1_157' title='bbox 645 2362 834 2446; x_wconf 85' lang='lat' dir='ltr'><strong>theologo</strong></span> <span class='ocrx_word' id='word_1_158' title='bbox 823 2382 954 2457; x_wconf 84' lang='lat' dir='ltr'><strong>Juvcne,</strong></span> <span class='ocrx_word' id='word_1_159' title='bbox 995 2359 1079 2443; x_wconf 86' lang='lat' dir='ltr'><strong>quod</strong></span> 
     </span>
    </p>
   </div>
   <div class='ocr_carea' id='block_1_6' title="bbox 13 2461 1079 2547">
    <p class='ocr_par' dir='ltr' id='par_1_14' title="bbox 13 2461 1079 2547">
     <span class='ocr_line' id='line_1_23' title="bbox 13 2461 1079 2547; baseline -0.002 -23"><span class='ocrx_word' id='word_1_160' title='bbox 13 2518 15 2524; x_wconf 91' lang='lat'>.</span> <span class='ocrx_word' id='word_1_161' title='bbox 40 2540 42 2544; x_wconf 9' lang='grc' dir='ltr'><em>Α</em></span> <span class='ocrx_word' id='word_1_162' title='bbox 124 2464 286 2547; x_wconf 70' lang='lat' dir='ltr'><strong>¹compleat</strong></span> <span class='ocrx_word' id='word_1_163' title='bbox 306 2461 462 2526; x_wconf 80' lang='lat' dir='ltr'><strong>infernum</strong></span> <span class='ocrx_word' id='word_1_164' title='bbox 482 2465 652 2528; x_wconf 85' lang='lat' dir='ltr'><strong>animabus.</strong></span> <span class='ocrx_word' id='word_1_165' title='bbox 683 2466 725 2528; x_wconf 90' lang='lat' dir='ltr'><strong>Hi</strong></span> <span class='ocrx_word' id='word_1_166' title='bbox 746 2467 837 2541; x_wconf 81' lang='lat' dir='ltr'><strong>enim,</strong></span> <span class='ocrx_word' id='word_1_167' title='bbox 859 2461 935 2547; x_wconf 82' lang='lat' dir='ltr'><strong>quis</strong></span> <span class='ocrx_word' id='word_1_168' title='bbox 953 2482 1013 2523; x_wconf 84' lang='lat' dir='ltr'><strong>usu</strong></span> <span class='ocrx_word' id='word_1_169' title='bbox 1035 2481 1079 2522; x_wconf 81' lang='lat' dir='ltr'><strong>ra·</strong></span> 
     </span>
    </p>
   </div>
   <div class='ocr_carea' id='block_1_7' title="bbox 98 2565 1107 2754">
    <p class='ocr_par' dir='ltr' id='par_1_15' title="bbox 98 2565 1107 2754">
     <span class='ocr_line' id='line_1_24' title="bbox 98 2565 1077 2656; baseline -0.007 -25"><span class='ocrx_word' id='word_1_170' title='bbox 98 2624 103 2631; x_wconf 83' lang='lat'><em>.</em></span> <span class='ocrx_word' id='word_1_171' title='bbox 132 2590 213 2642; x_wconf 85' lang='lat' dir='ltr'><strong>rum,</strong></span> <span class='ocrx_word' id='word_1_172' title='bbox 235 2565 290 2649; x_wconf 84' lang='lat' dir='ltr'><strong>qui</strong></span> <span class='ocrx_word' id='word_1_173' title='bbox 310 2568 520 2649; x_wconf 85' lang='lat' dir='ltr'><strong>prudentiam</strong></span> <span class='ocrx_word' id='word_1_174' title='bbox 528 2568 645 2656; x_wconf 82' lang='lat' dir='ltr'><strong>gignit,</strong></span> <span class='ocrx_word' id='word_1_175' title='bbox 669 2569 914 2642; x_wconf 84' lang='lat' dir='ltr'><strong>destituuntur,</strong></span> <span class='ocrx_word' id='word_1_176' title='bbox 909 2565 1015 2626; x_wconf 85' lang='lat' dir='ltr'><strong>omnia</strong></span> <span class='ocrx_word' id='word_1_177' title='bbox 1031 2585 1077 2625; x_wconf 87' lang='lat' dir='ltr'><strong>sc·</strong></span> 
     </span>
     <span class='ocr_line' id='line_1_25' title="bbox 135 2645 1107 2754; baseline -0.003 -22"><span class='ocrx_word' id='word_1_178' title='bbox 135 2667 270 2732; x_wconf 85' lang='lat' dir='ltr'><strong>cundum</strong></span> <span class='ocrx_word' id='word_1_179' title='bbox 292 2688 427 2751; x_wconf 82' lang='lat' dir='ltr'><strong>canones</strong></span> <span class='ocrx_word' id='word_1_180' title='bbox 449 2683 480 2733; x_wconf 88' lang='lat' dir='ltr'><strong>et</strong></span> <span class='ocrx_word' id='word_1_181' title='bbox 493 2674 625 2754; x_wconf 83' lang='lat' dir='ltr'><strong>regulas</strong></span> <span class='ocrx_word' id='word_1_182' title='bbox 645 2670 858 2735; x_wconf 62' lang='lat' dir='ltr'><strong>auaa‘faoiunt.</strong></span> <span class='ocrx_word' id='word_1_183' title='bbox 881 2670 956 2731; x_wconf 91' lang='lat' dir='ltr'><strong>Ideo</strong></span> <span class='ocrx_word' id='word_1_184' title='bbox 971 2645 1079 2750; x_wconf 83' lang='lat' dir='ltr'><strong>impiu-</strong></span> <span class='ocrx_word' id='word_1_185' title='bbox 1104 2740 1107 2745; x_wconf 86' lang='lat'><em>.</em></span> 
     </span>
    </p>
   </div>
   <div class='ocr_carea' id='block_1_8' title="bbox 62 2766 1080 2936">
    <p class='ocr_par' dir='ltr' id='par_1_16' title="bbox 62 2766 1080 2936">
     <span class='ocr_line' id='line_1_26' title="bbox 62 2766 1080 2862; baseline -0.001 -31"><span class='ocrx_word' id='word_1_186' title='bbox 62 2803 65 2809; x_wconf 39' lang='lat' dir='ltr'><strong><em>f</em></strong></span> <span class='ocrx_word' id='word_1_187' title='bbox 135 2783 218 2855; x_wconf 85' lang='lat' dir='ltr'><strong>gunt</strong></span> <span class='ocrx_word' id='word_1_188' title='bbox 236 2782 266 2831; x_wconf 91' lang='lat' dir='ltr'><strong>et</strong></span> <span class='ocrx_word' id='word_1_189' title='bbox 287 2766 505 2850; x_wconf 75' lang='lat' dir='ltr'><strong>erra&#39;ut,cum</strong></span> <span class='ocrx_word' id='word_1_190' title='bbox 526 2797 641 2862; x_wconf 85' lang='lat' dir='ltr'><strong>magno</strong></span> <span class='ocrx_word' id='word_1_191' title='bbox 661 2775 825 2838; x_wconf 87' lang='lat' dir='ltr'><strong>hominum</strong></span> <span class='ocrx_word' id='word_1_192' title='bbox 846 2785 876 2836; x_wconf 85' lang='lat' dir='ltr'><strong>et</strong></span> <span class='ocrx_word' id='word_1_193' title='bbox 902 2774 1009 2834; x_wconf 85' lang='lat' dir='ltr'><strong>reruin</strong></span> <span class='ocrx_word' id='word_1_194' title='bbox 1031 2770 1080 2831; x_wconf 92' lang='lat' dir='ltr'><strong>de-</strong></span> 
     </span>
     <span class='ocr_line' id='line_1_27' title="bbox 133 2866 1059 2936; baseline -0.004 0"><span class='ocrx_word' id='word_1_195' title='bbox 133 2866 289 2936; x_wconf 80' lang='lat' dir='ltr'><strong>trimento.</strong></span> <span class='ocrx_word' id='word_1_196' title='bbox 825 2894 827 2900; x_wconf 83' lang='grc'><strong>’</strong></span> <span class='ocrx_word' id='word_1_197' title='bbox 1055 2893 1059 2897; x_wconf 93' lang='grc'><strong><em>·</em></strong></span> 
     </span>
    </p>
   </div>
   <div class='ocr_carea' id='block_1_9' title="bbox 70 2948 1119 3371">
    <p class='ocr_par' dir='ltr' id='par_1_17' title="bbox 70 2948 1119 3371">
     <span class='ocr_line' id='line_1_28' title="bbox 70 2948 1119 3062; baseline -0.003 -25"><span class='ocrx_word' id='word_1_198' title='bbox 70 2986 73 2991; x_wconf 85' lang='grc'><em>“</em></span> <span class='ocrx_word' id='word_1_199' title='bbox 119 3023 121 3026; x_wconf 78' lang='lat'><em>.</em></span> <span class='ocrx_word' id='word_1_200' title='bbox 168 2964 175 2981; x_wconf 55' lang='lat'><em>³</em></span> <span class='ocrx_word' id='word_1_201' title='bbox 215 2968 331 3039; x_wconf 75' lang='lat' dir='ltr'><strong>Discite</strong></span> <span class='ocrx_word' id='word_1_202' title='bbox 350 2975 459 3062; x_wconf 87' lang='lat' dir='ltr'><strong>igitur,</strong></span> <span class='ocrx_word' id='word_1_203' title='bbox 480 2977 565 3061; x_wconf 87' lang='lat' dir='ltr'><strong>quod</strong></span> <span class='ocrx_word' id='word_1_204' title='bbox 585 2997 644 3060; x_wconf 84' lang='lat' dir='ltr'><strong>pax</strong></span> <span class='ocrx_word' id='word_1_205' title='bbox 664 2990 695 3040; x_wconf 91' lang='lat' dir='ltr'><strong>et</strong></span> <span class='ocrx_word' id='word_1_206' title='bbox 710 2978 821 3040; x_wconf 79' lang='lat' dir='ltr'><strong>caritas</strong></span> <span class='ocrx_word' id='word_1_207' title='bbox 836 2960 876 3036; x_wconf 90' lang='lat' dir='ltr'><strong>sit</strong></span> <span class='ocrx_word' id='word_1_208' title='bbox 894 2948 1082 3037; x_wconf 73' lang='lat' dir='ltr'><strong>moderatrix</strong></span> <span class='ocrx_word' id='word_1_209' title='bbox 1114 3008 1119 3034; x_wconf 69' lang='grc' dir='ltr'><strong>ι</strong></span> 
     </span>
     <span class='ocr_line' id='line_1_29' title="bbox 136 3075 1082 3163; baseline -0.007 -21"><span class='ocrx_word' id='word_1_210' title='bbox 136 3090 168 3142; x_wconf 76' lang='lat' dir='ltr'><strong>ot</strong></span> <span class='ocrx_word' id='word_1_211' title='bbox 195 3079 398 3163; x_wconf 77' lang='lat' dir='ltr'><strong>dispensatrix</strong></span> <span class='ocrx_word' id='word_1_212' title='bbox 426 3079 568 3158; x_wconf 87' lang='lat' dir='ltr'><strong>omnium</strong></span> <span class='ocrx_word' id='word_1_213' title='bbox 597 3081 746 3142; x_wconf 84' lang='lat' dir='ltr'><strong>virtutum</strong></span> <span class='ocrx_word' id='word_1_214' title='bbox 764 3093 807 3142; x_wconf 83' lang='lat' dir='ltr'><strong>-ct</strong></span> <span class='ocrx_word' id='word_1_215' title='bbox 840 3080 965 3162; x_wconf 75' lang='lat' dir='ltr'><strong>legum:</strong></span> <span class='ocrx_word' id='word_1_216' title='bbox 1001 3075 1082 3136; x_wconf 89' lang='lat' dir='ltr'><strong>sicut</strong></span> 
     </span>
     <span class='ocr_line' id='line_1_30' title="bbox 135 3172 1082 3274; baseline 0.007 -31"><span class='ocrx_word' id='word_1_217' title='bbox 135 3181 342 3244; x_wconf 79' lang='lat' dir='ltr'><strong>Aristoteles</strong></span> <span class='ocrx_word' id='word_1_218' title='bbox 332 3206 365 3243; x_wconf 88' lang='grc' dir='ltr'><strong>ιιι</strong></span> <span class='ocrx_word' id='word_1_219' title='bbox 377 3180 486 3265; x_wconf 88' lang='lat' dir='ltr'><strong>quinto</strong></span> <span class='ocrx_word' id='word_1_220' title='bbox 497 3183 680 3245; x_wconf 87' lang='lat' dir='ltr'><strong>Ethicorum</strong></span> <span class='ocrx_word' id='word_1_221' title='bbox 695 3181 851 3267; x_wconf 75' lang='lat' dir='ltr'><strong>praeclare</strong></span> <span class='ocrx_word' id='word_1_222' title='bbox 871 3174 936 3244; x_wconf 86' lang='lat' dir='ltr'><strong>dc&#39;</strong></span> <span class='ocrx_word' id='word_1_223' title='bbox 921 3172 1082 3274; x_wconf 70' lang='lat' dir='ltr'><strong>snsrsaet&#39;q</strong></span> 
     </span>
     <span class='ocr_line' id='line_1_31' title="bbox 137 3285 1092 3371; baseline 0 -23"><span class='ocrx_word' id='word_1_224' title='bbox 137 3285 281 3368; x_wconf 85' lang='lat' dir='ltr'><strong>disputat.</strong></span> <span class='ocrx_word' id='word_1_225' title='bbox 305 3285 348 3348; x_wconf 88' lang='lat' dir='ltr'><strong>Et</strong></span> <span class='ocrx_word' id='word_1_226' title='bbox 368 3285 563 3367; x_wconf 78' lang='lat' dir='ltr'><strong>Augustinus</strong></span> <span class='ocrx_word' id='word_1_227' title='bbox 576 3306 780 3371; x_wconf 88' lang='lat' dir='ltr'><strong>nequaquam</strong></span> <span class='ocrx_word' id='word_1_228' title='bbox 801 3287 846 3348; x_wconf 89' lang='lat' dir='ltr'><strong>sio</strong></span> <span class='ocrx_word' id='word_1_229' title='bbox 866 3288 967 3364; x_wconf 90' lang='lat' dir='ltr'><strong>docet,</strong></span> <span class='ocrx_word' id='word_1_230' title='bbox 987 3301 1023 3349; x_wconf 88' lang='lat' dir='ltr'><strong>ut</strong></span> <span class='ocrx_word' id='word_1_231' title='bbox 1043 3289 1092 3348; x_wconf 82' lang='lat' dir='ltr'><strong>fa·</strong></span> 
     </span>
    </p>
   </div>
   <div class='ocr_carea' id='block_1_10' title="bbox 32 3372 1083 3476">
    <p class='ocr_par' dir='ltr' id='par_1_18' title="bbox 32 3372 1083 3476">
     <span class='ocr_line' id='line_1_32' title="bbox 32 3372 1083 3476; baseline -0.001 -26"><span class='ocrx_word' id='word_1_232' title='bbox 32 3424 57 3469; x_wconf 38' lang='lat' dir='ltr'><strong>,v</strong></span> <span class='ocrx_word' id='word_1_233' title='bbox 135 3389 183 3450; x_wconf 88' lang='lat' dir='ltr'><strong>tui</strong></span> <span class='ocrx_word' id='word_1_234' title='bbox 199 3388 408 3453; x_wconf 76' lang='lat' dir='ltr'><strong>Carthnsianit</strong></span> <span class='ocrx_word' id='word_1_235' title='bbox 430 3384 601 3463; x_wconf 82' lang='lat' dir='ltr'><strong>Vestiondi,</strong></span> <span class='ocrx_word' id='word_1_236' title='bbox 623 3372 756 3467; x_wconf 84' lang='lat' dir='ltr'><strong>cibandi,</strong></span> <span class='ocrx_word' id='word_1_237' title='bbox 777 3390 910 3476; x_wconf 82' lang='lat' dir='ltr'><strong>regendi</strong></span> <span class='ocrx_word' id='word_1_238' title='bbox 931 3403 1015 3464; x_wconf 90' lang='lat' dir='ltr'><strong>sunt,</strong></span> <span class='ocrx_word' id='word_1_239' title='bbox 1037 3389 1083 3449; x_wconf 91' lang='lat' dir='ltr'><strong>in·</strong></span> 
     </span>
    </p>
   </div>
   <div class='ocr_carea' id='block_1_11' title="bbox 136 3483 1083 3678">
    <p class='ocr_par' dir='ltr' id='par_1_19' title="bbox 136 3483 1083 3678">
     <span class='ocr_line' id='line_1_33' title="bbox 136 3483 1083 3623; baseline 0.001 -70"><span class='ocrx_word' id='word_1_240' title='bbox 136 3483 214 3601; x_wconf 80' lang='lat' dir='ltr'><strong>quit,</strong></span> <span class='ocrx_word' id='word_1_241' title='bbox 235 3513 299 3554; x_wconf 91' lang='lat' dir='ltr'><strong>non</strong></span> <span class='ocrx_word' id='word_1_242' title='bbox 321 3489 490 3573; x_wconf 87' lang='lat' dir='ltr'><strong>aequaliter</strong></span> <span class='ocrx_word' id='word_1_243' title='bbox 510 3511 628 3566; x_wconf 84' lang='lat' dir='ltr'><strong>omnes,</strong></span> <span class='ocrx_word' id='word_1_244' title='bbox 650 3492 723 3574; x_wconf 90' lang='lat' dir='ltr'><strong>quia</strong></span> <span class='ocrx_word' id='word_1_245' title='bbox 744 3512 811 3555; x_wconf 90' lang='grc' dir='ltr'><strong>ιιοιι</strong></span> <span class='ocrx_word' id='word_1_246' title='bbox 826 3491 932 3558; x_wconf 82' lang='lat' dir='ltr'><strong>valetis</strong></span> <span class='ocrx_word' id='word_1_247' title='bbox 947 3491 1083 3623; x_wconf 82' lang='lat' dir='ltr'><strong>aequali·</strong></span> 
     </span>
     <span class='ocr_line' id='line_1_34' title="bbox 136 3591 682 3678; baseline -0.004 -21"><span class='ocrx_word' id='word_1_248' title='bbox 136 3607 183 3658; x_wconf 88' lang='lat' dir='ltr'><strong>ter</strong></span> <span class='ocrx_word' id='word_1_249' title='bbox 203 3615 317 3658; x_wconf 87' lang='lat' dir='ltr'><strong>omnes.</strong></span> <span class='ocrx_word' id='word_1_250' title='bbox 359 3591 594 3678; x_wconf 78' lang='lat' dir='ltr'><strong>sapientissima</strong></span> <span class='ocrx_word' id='word_1_251' title='bbox 614 3614 682 3659; x_wconf 80' lang='lat' dir='ltr'><strong>ror.</strong></span> 
     </span>
    </p>
   </div>
   <div class='ocr_carea' id='block_1_12' title="bbox 0 0 1138 4028">
    <p class='ocr_par' dir='ltr' id='par_1_20' title="bbox 0 0 1138 4028">
     <span class='ocr_line' id='line_1_35' title="bbox 0 0 1138 4028; baseline 0 0"><span class='ocrx_word' id='word_1_252' title='bbox 0 0 1138 4028; x_wconf 95' lang='lat' dir='ltr'><strong> </strong></span> 
     </span>
    </p>
   </div>
  </div>
 </body>
</html>
