2244 4028
401 168 577 253 gsnrsis.
604 138 623 273 ’ἢ
931 182 973 249 95

98 314 191 401 impii
210 315 321 380 ludaei
340 320 600 383 contumeliosum
620 340 737 383 nomen
763 344 831 387 εεεε
856 326 974 396 ducunt

57 408 117 493 til.
138 420 195 487 sio
205 419 292 483 enim
303 422 464 505 appellent
476 421 563 503 cultu
582 443 600 482 e
616 443 649 483 εε
660 422 846 505 differentes,
867 454 973 515 quem·

57 514 189 581 inodum
210 533 272 577 nos
293 534 364 590 eos,
392 532 448 597 qm
475 526 560 575 extre
588 514 746 577 ecclesiam
769 535 863 609 punt,
900 547 974 606 pro-

57 619 194 685 utimur
216 616 336 699 impios
357 636 442 691 esse,
470 627 501 678 et
525 628 626 679 temen
653 638 719 678 uon
739 619 843 687 vident
862 626 894 689 in
915 630 974 695 heo

57 726 120 791 mis
140 720 192 785 sui
224 718 437 805 promissione
463 717 508 779 sio
537 718 642 781 vocari
670 742 773 784 rerem
800 728 971 795 ecclesium.

57 832 103 895 'sm
121 837 188 891 tots
209 820 378 905 posteritas
399 820 541 882 Abrahae
561 822 621 883 hoo
636 822 844 907 *uomine'hio
865 834 973 915 appel.

57 948 118 1001 ruf:
140 925 300 1009 „Fusium
313 938 344 988 te
365 912 462 1023 bita}
481 902 581 1021 'idib
604 924 639 987 51¹
654 949 798 1012 magnam
815 944 972 1017 gentem&

192 1150 196 1157 -
293 1085 597 1171 Et'bsnedicem
618 1102 707 1165 tihi.

98 1234 244 1299 Verbum
274 1231 480 1295 benedicendi
510 1230 545 1291 in
579 1230 737 1312 scripture
772 1225 975 1317 augmentum

57 1336 185 1427 gmfimt,
206 1358 265 1397 seu
285 1333 515 1397 incrementum.
536 1332 623 1393 Haeo
642 1330 976 1416 igitur'promissionis

57 1468 96 1507 trs
114 1464 153 1505 eo
174 1440 322 1525 pertinet,
342 1450 378 1499 ut
398 1459 460 1500 non
472 1438 573 1499 solum
590 1439 694 1501 credst
705 1436 870 1515 Abraham,
891 1461 976 1523 mog·

57 1572 94 1611 rm
113 1540 333 1629 posteritatem
354 1560 385 1602 se
406 1538 605 1617 habiturum,
638 1543 693 1604 sed
713 1541 805 1602 etium
825 1538 975 1618 futurum,

57 1652 110 1715 tio
130 1648 199 1711 dies
218 1644 325 1731 mugio
346 1643 503 1731 armagis
521 1643 710 1708 incrementa
730 1658 849 1725 sumet,
873 1658 904 1707 st
923 1670 976 1709 eu-

57 1766 146 1819 mm·
987 1806 991 1817 .

107 1850 250 1921 Primum
276 1846 378 1935 igitur
398 1846 513 1915 donum
534 1859 599 1922 εει,
628 1848 716 1930 quod
736 1847 894 1910 Abrohom
919 1848 978 1911 erit
995 1846 1007 1857 '

65 1961 235 2044 ingentem
256 1960 442 2039 magnem“‚
462 1952 523 2013 hoc
545 1964 600 2026 est,
621 1951 710 2035 quod
731 1952 975 2037 ejus'poetoritss

57 2062 228 2123 'thetricum
244 2052 581 2138 regnum‚.potentism‚
603 2074 691 2136 opes,
713 2054 806 2138 leges,
824 2077 979 2119 coeremo-

57 2167 104 2242 iee,
123 2160 291 2227 eeclesiam
308 2172 363 2219 eto.
384 2156 467 2218 Haeo
489 2158 573 2219 enim
591 2158 720 2239 proprie
743 2171 871 2221 vocetur
892 2180 981 2245 gens.

106 2267 253 2329 Alterum
275 2276 376 2323 autem
398 2263 516 2322 donum
538 2271 601 2333 eet,
632 2260 718 2342 quod
739 2260 812 2323 haec
840 2282 919 2345 gens
940 2263 980 2323 sit

57 2382 185 2432 uratum.
233 2363 322 2427 Sicut
349 2364 490 2424 Psolmus
510 2366 568 2436 89,
599 2372 641 2435 (v.
662 2364 826 2436 31-34.)
856 2365 980 2448 egregie

57 2494 92 2535 oc
103 2466 257 2553 explicet:
282 2514 301 2543 ,,
310 2465 342 2527 Si
354 2464 579 2545 dereliquerint
592 2462 648 2525 filii
666 2464 732 2548 ejus
748 2466 853 2551 legem
870 2490 980 2542 meum,

57 2576 111 2639 ;io
131 2572 267 2658 judiciis
287 2569 365 2631 meis
385 2591 450 2628 non
472 2569 709 2642 ambulaverint,
731 2570 756 2630 si
778 2583 891 2633 statute
915 2594 982 2633 mee

57 2676 275 2748 rofrnuverint,
297 2685 327 2734 et
347 2673 490 2733 mundate
510 2694 579 2733 meo
599 2692 663 2733 noo
679 2672 892 2746 custodierint,
913 2674 983 2735 visi-

57 2782 106 2860 ὼε
131 2780 221 2862 virge
243 2790 404 2859 peccatum
426 2797 551 2850 eorum,
580 2786 610 2835 et
638 2774 816 2839 verberibus
839 2778 985 2839 delictum

57 2905 151 2957 orum3
174 2881 231 2943 sed
253 2877 497 2940 misericordium
518 2899 617 2939 meam
638 2898 701 2941 non
721 2894 855 2943 avertem
877 2881 916 2943 sb
936 2902 984 2959 eo,

57 3008 95 3048 rec
113 2984 282 3047 mentietur
303 2983 346 3041 eis
365 2978 477 3041 veritus
498 2987 605 3041 meu“.

114 3080 404 3167 Afflictus·quidem
427 3103 519 3163 saepe
539 3078 597 3141 suit
617 3077 754 3162 populus
776 3082 840 3144 ille.
871 3083 986 3146 Tribus

57 3187 200 3272 ieojemin
221 3209 323 3270 paene
345 3185 509 3247 occidione
526 3187 630 3246 occiso
651 3198 704 3246 εει.
726 3186 873 3267 Regnum
893 3185 987 3247 Isrsel

57 3287 175 3353 unditus
195 3311 338 3352 eversum
359 3301 414 3349 est.
436 3286 552 3350 Tribus
567 3288 642 3350 lude
664 3293 795 3371 quoquo'
814 3311 872 3371 per
888 3290 989 3373 Baby·

57 3394 160 3457 onicos
179 3416 289 3477 reges,
317 3392 427 3453 deinde
449 3410 508 3475 per
529 3387 636 3472 Syrios
658 3403 688 3450 et
708 3389 882 3473 Aegyptios
903 3390 989 3454 verie

57 3495 140 3558 ttrite
166 3506 231 3570 εει,
258 3507 290 3556 ει
318 3507 420 3556 temen
447 3490 594 3554 divinitus
621 3504 756 3554 servetur
785 3504 829 3550 est
849 3492 991 3574 populos

57 3596 109 3674 tle,
138 3598 215 3662 dum
243 3598 411 3679 promissio
433 3599 472 3660 ds
494 3596 621 3661 Christo
651 3594 848 3680 impleretur:
877 3614 912 3655 oo
933 3594 992 3655 ibi-
