2288 4042
26 226 29 235 Ι
94 130 161 206 ’198
254 156 261 173 ‘
345 112 789 229 ⁴Dnttldacirnunrba'put

98 268 183 361 nibil
208 270 325 350 adimit.
368 282 432 350 Sed
450 287 544 353 Mora
569 293 685 354 montis
714 313 828 357 nomen
858 304 921 375 est,¹
948 295 1037 378 cujus

97 387 214 451 mentio
231 385 278 450 tir
297 388 490 469 Ιιι(1ιί.”’)-7Ἰ
506 405 555 483 (ν.1
572 401 628 469 1.).
649 394 737 458 Cum
753 396 835 459 enim
846 395 971 460 Gidacn
990 419 1036 459 ca-

26 491 29 495 ’
53 486 57 497 “
100 503 163 553 stra
188 488 317 553 locasset
344 493 387 559 ad
410 507 564 573 austrum,
590 496 773 560 Midianitae
796 499 837 561 ad
856 499 1037 583 aquilonem

99 589 132 651 in
155 590 294 653 convalli
319 597 405 676 apud
424 580 551 682 ‘petram
570 601 663 662 Mora
690 603 911 663 castrametati
939 618 1033 666 erant.

96 691 258 757 lacertum·
271 708 374 758 autem
395 711 455 773 est,
481 701 564 764 unda
582 703 662 763 banc
681 700 920 783 appellationem
947 703 1035 764 sorti-

97 805 149 856 tus
168 795 258 858 lacus
279 798 334 875 sit3
356 802 512 892 significat
531 806 614 868 enim
633 791 745 898 ⁴7an
766 804 932 866 doctorem.
961 803 1034 891 Ego

95 896 134 967 in
154 920 191 960 es
218 921 286 963 som
307 905 473 986 opinione,
496 906 595 971 fuisse
615 929 651 971 ec
673 908 715 991 'in
745 907 816 969 loco
844 907 1035 969 sacerdotem

97 998 252 1083 aliquem,
282 1004 339 1101 qui
370 1007 500 1070 instituit
533 1031 571 1075 eo
598 1011 632 1072 in
652 1010 723 1072 loco
753 1007 897 1071 ricinium
923 1010 961 1072 de
988 1033 1035 1072 re·

65 1102 69 1117 '
96 1103 220 1189 tigipna
240 1119 272 1168 et
291 1102 375 1171 cu'ltu
391 1110 458 1172 Dei.
481 1113 540 1175 Est
558 1112 727 1196 appellatio
740 1100 847 1173 eadem
866 1110 900 1172 in
920 1111 1033 1173 Psalm.

96 1211 126 1276 9·
150 1221 191 1281 (t.
213 1215 295 1280 tto:
317 1211 507 1287 „Constitue
528 1215 573 1276 eis
594 1213 801 1299 legislatorem
810 1218 839 1271 “.
864 1210 959 1274 Item:
981 1212 1032 1274 Pa.

95 1310 147 1379 84·
169 1318 212 1387 (r.
236 1315 297 1386 tt:
319 1312 616 1388 „Benedictionibut
635 1300 784 1378 induatur
803 1313 948 1376 doctor“.
970 1313 1033 1377 Sed

56 1468 59 1473 .
94 1411 162 1509 boc
174 1413 206 1473 in
227 1412 298 1474 loco
318 1416 484 1499 proprium
503 1429 548 1479 est
566 1417 641 1494 loci,
661 1417 695 1479 in
716 1435 780 1561 pus
792 1413 948 1479 Abrabam
968 1417 1033 1498 pri⁴

94 1537 146 1578 mc
168 1514 308 1579 substitit.

176 1617 271 1703 Quod
291 1629 391 1681 autem
412 1616 518 1680 Moses
538 1616 641 1692 addit,
665 1610 862 1683 cananaeum
882 1612 974 1678 fuisse
995 1619 1030 1680 in

95 1732 195 1795 terra,
225 1721 260 1783 id
287 1742 325 1783 ec
354 1719 500 1809 pertinet,
527 1731 562 1780 ut
589 1718 752 1780 admoueat
771 1736 829 1778 nos
849 1715 1031 1781 miserabilis
1057 1714 1061 1730 ‘

93 1808 209 1899 exsilii,
237 1821 271 1884 in
298 1817 362 1911 ¹qum
384 1835 504 1884 sanctus
526 1819 704 1882 Patriarcba
733 1817 813 1880 vixit.
852 1816 928 1880 Non
949 1820 1032 1884 enim

93 1924 177 1990 inter
198 1926 329 2000 amicos,
351 1922 457 1985 sedin
478 1922 812 1997 medio‘inimiccrum‚
832 1921 912 1997 inter
932 1925 1032 1987 bomi-

70 2008 148 2103 ne
168 2029 255 2091 cuttu
275 2040 305 2089 a
332 2026 487 2112 rengione
521 2025 695 2087 differentes
724 2022 880 2087 horrent.
930 2026 1032 2089 oesti-

93 2118 168 2205 riata
188 2130 312 2215 quidem
333 2127 489 2189 voluntate
500 2126 593 2188 Ncab
613 2148 649 2187 ea
667 2124 756 2210 regio
778 2139 844 2189 erat
863 2128 919 2210 pio
940 2129 1030 2206 Sem3

44 2314 47 2319 Δ
93 2220 150 2300 aad
169 2228 226 2297 filii
241 2229 386 2304 Nimrod,
406 2251 442 2291 ex
461 2216 717 2313 utraqucArabia
737 2226 924 2292 effundentes
936 2255 979 2308 se,
999 2235 1045 2300 vi,

60 2394 63 2399 .
93 2358 163 2401 eam
182 2344 386 2417 occuparant:
413 2343 449 2392 ut
469 2332 593 2407 videas,
609 2330 751 2393 omnibus
772 2333 882 2395 seculis
904 2337 1029 2399 eandem

22 2444 31 2469 ¹
92 2459 159 2501 esee
180 2437 324 2499 ecclesiae
335 2432 504 2496 fortunam:
525 2433 658 2515 praedae
679 2446 725 2495 eat
741 2432 855 2516 impiis,
877 2447 1027 2507 ettamen

90 2536 247 2603 Dominus
268 2556 334 2597 eam
353 2536 535 2599 mirabilitsr
549 2546 718 2622 conservat,
738 2535 1026 2622 etiamcontrapcr·

90 2653 138 2705 tas
157 2635 337 2701 inferorum.

89 2818 299 2902 Apparatus
320 2826 449 2877 autem
469 2812 670 2877 Dominus
691 2811 876 2878 Abrahae
905 2817 1025 2882 dixit:

231 2916 384 2981 Semini
404 2929 471 2979 tuo
494 2915 595 2978 dabo
615 2927 762 2979 terram
784 2916 890 2980 banc.
965 2957 974 2973 .

168 3043 246 3108 Satis
268 3043 321 3107 diu
340 3042 473 3106 etruria
492 3053 616 3125 vexatus
637 3051 666 3100 et
686 3037 813 3101 sillictus
832 3041 913 3104 inter
931 3043 1027 3107 Cana.

87 3169 180 3215 natos
202 3148 287 3211 exsul
307 3146 448 3221 Abram,
469 3166 509 3206 ne
528 3143 699 3206 vinceretur
717 3146 840 3208 tandem
866 3148 1026 3230 impatien-

78 3254 140 3331 ¹tia,
160 3253 192 3315 in
212 3249 379 3312 tentatione
400 3232 548 3312 summatis
563 3244 807 3313 consolationem
821 3249 944 3312 invenit.
966 3250 1024 3312 Ve-

56 3342 59 3349 ⁵
86 3380 158 3420 rum
180 3353 261 3417 enim
283 3364 339 3428 est,
359 3371 430 3412 oum
450 3350 560 3434 arripit
579 3372 637 3413 noa
657 3351 792 3427 tentatio,
814 3352 874 3414 nisi
893 3365 958 3413 tum
972 3351 1025 3413 ab·

29 3514 34 3537 ,
63 3470 66 3477 ’
86 3457 300 3523 breviarentur
320 3451 403 3528 dies,
431 3465 461 3514 at
482 3452 656 3519 succederet
677 3456 863 3534 consolatio,
888 3475 951 3515 non
971 3453 1024 3517 fie-

975 3572 1025 3622 ret

88 3628 287 3651 m

27 3632 89 3808 κ
118 3678 239 3749 vadit.
255 3676 344 3751 princ.
359 3648 461 3732 lassae.
513 3636 516 3643 Ι
