2244 4028
378 171 619 273 generis.
655 156 736 275 23¹³,
843 148 849 160 ¹
978 176 1001 276 ,⁹
1058 197 1066 207 ·

99 240 126 284 x
153 232 156 237 .

50 320 199 396 historia,
226 328 259 385 et
285 310 389 384 tanen
415 321 498 385 cedit
522 321 590 406 ejne
609 317 808 399 rationrbns,
834 342 907 389 eom
926 324 1001 387 elle·
1088 319 1092 325 ’

52 435 144 510 garet
170 421 360 486 sterilitatem
386 437 418 487 et
446 424 573 489 aenium.
620 422 657 486 Ia
685 423 876 509 obsequium
894 427 1013 491 aroris*

50 523 150 613 igitur
169 524 232 586 hoc
251 521 344 600 facit,
364 545 428 587 non
448 539 485 589 ut
488 526 536 629 in
556 526 627 612 lege
646 525 789 592 solebant
807 528 999 617 polygami.

132 625 178 690 Et
197 623 307 689 Moles
332 647 397 689 non
429 586 512 691 sine
523 651 615 693 esusa
643 628 776 693 subinde
797 628 918 696 Seram
915 656 1002 697 oxo-

11 750 26 758 ’
51 706 140 805 rem,
168 726 338 791 Abrrmum
357 740 460 793 satem
486 731 633 793 maritum
659 738 770 808 rocat‚·
794 744 829 795 ot
848 734 1001 814 ostendet,
1082 749 1089 759 '

52 832 225 895 Abramum
252 849 319 891 non
347 829 464 896 factum
491 833 687 912 adulterum,
723 855 782 897 nec
812 836 1001 902 dissolutum
1041 887 1044 891 -

54 935 117 999 hoc
137 952 219 995 novo
232 937 432 1007 connectat)
453 936 543 1019 prius
557 936 789 1001 matrimonium
802 937 1002 1004 interseram

54 1053 86 1103 et
105 1037 424 1110 Abramum„Manet
443 1038 560 1102 Abram
580 1040 769 1104 castissimae
789 1028 934 1129 conjugii
954 1038 1002 1109 δι’·

27 1139 121 1207 ”stus
141 1143 287 1207 maritaret
316 1142 405 1226 quod
432 1154 535 1206 autem
563 1140 761 1230 cnm-Hagar
787 1146 1002 1231 conjungitur,

44 1259 174 1309 tentum
194 1266 232 1311 eo
254 1246 389 1315 consilio
407 1244 461 1327 fit,
488 1258 525 1311 ot
544 1243 715 1332 promissio
741 1247 844 1315 divina
863 1252 928 1316 ton
946 1251 1003 1315 im·

54 1350 214 1436 pediatur.

55 1484 152 1549 Cum
172 1484 386 1570 ingressos
405 1496 512 1549 esset
537 1482 587 1573 sd
606 1450 763 1575 Hegea,
791 1489 1001 1574 concepit3
1043 1558 1049 1570 ,

54 1599 93 1653 et
113 1588 265 1671 ridens,
287 1589 396 1675 quod
415 1587 717 1676 gravidaes'r'et,
738 1588 931 1707 despecte
946 1600 1004 1655 ert

232 1692 391 1761 domina
409 1694 498 1778 ejus
518 1691 559 1754 in
580 1688 717 1754 oou'lis
736 1690 848 1754 suia?

123 1812 196 1921 Hic
224 1841 305 1882 nora
332 1818 463 1913 tentatio
490 1796 627 1901 inbip'it
642 1812 777 1899 Quod
773 1798 875 1880 autem
895 1792 1003 1915 Moses

55 1906 182 1985 decem
191 1942 346 1984 annorum
374 1908 549 1997 meminit,
553 1910 598 1981 id
626 1914 733 1980 ludaei
759 1937 798 1981 eo
829 1896 1035 2001 acromonte-¹
1072 1981 1079 1987 .

55 2025 149 2101 dant,
178 2024 265 2110 quod
291 2023 331 2086 sit
349 2024 476 2110 regule
484 2036 513 2086 et
535 2040 652 2123 canon,
681 2030 718 2081 ut
744 2021 871 2109 marites
898 2004 1005 2089 decem

54 2126 145 2187 annis
176 2125 334 2189 cohabitet
360 2149 431 2190 cum
451 2147 565 2202 uxore3
595 2120 708 2209 quodsi
734 2124 793 2207 per
819 2123 1005 2209 decennium

55 2240 179 2291 maneat
199 2228 332 2306 sterilis,
359 2241 427 2292 tum
446 2229 496 2313 jus
522 2248 590 2294 esse
610 2227 722 2294 marito
751 2226 911 2290 ducendae
930 2229 1007 2291 alte·
1061 2268 1065 2277 ι

56 2330 139 2407 rius,
161 2352 201 2392 ne
221 2330 420 2394 sine'h'erede
440 2329 576 2395 decedat.
614 2327 768 2415 Hoc-sire
788 2329 831 2392 ita
850 2343 1006 2395 servatum

56 2434 115 2510 ait,
143 2432 209 2495 sive
236 2454 317 2508 non,
346 2434 473 2520 ignoro.
521 2431 607 2497 Mihi
625 2445 729 2494 tamen
756 2452 822 2495 non
842 2433 1006 2541 probatur,

57 2535 180 2621 quod
170 2559 204 2597 ιιι
221 2532 406 2621 exemplum
431 2539 514 2602 hano
542 2535 705 2599 historiam
731 2533 877 2610 trahunt,
915 2526 1006 2627 quee,

55 2650 92 2701 nt
113 2660 208 2720 supro
230 2636 309 2715 diri,
331 2659 402 2700 suaa
422 2652 520 2703 certas
541 2635 787 2709 circumstantias
808 2634 909 2698 hebet.

137 2740 180 2804 Et
218 2763 273 2803 cur
302 2740 408 2806 Iudaei
434 2742 575 2806 Abrahae
610 2739 752 2825 exemplo
789 2738 1007 2831 polygamiam

56 2845 211 2932 probent,
242 2865 314 2906 cum
335 2865 370 2907 ea
390 2846 423 2906 in
443 2845 514 2931 lege
533 2854 702 2929 praecepta
725 2839 843 2905 suerit?
881 2842 1006 2911 Fratri·

59 2953 143 3013 enim
163 2970 244 3013 uxor
263 2936 330 3011 sine
350 2948 455 3017 liberis
484 2944 660 3009 decedentia
681 2942 851 3041 necessario
873 2964 892 3006 a
911 2942 1007 3029 fretra

62 3044 251 3128 ducebatnr,
272 3062 307 3111 ut
326 3047 415 3112 fratri
435 3047 578 3111 excitaret
599 3030 703 3108 semen
725 3050 768 3120 (5
781 3046 863 3109 Mos.
878 3050 928 3123 25,
949 3038 1006 3153 5).-

140 3152 188 3215 De
208 3152 270 3215 hoo
290 3150 434 3214 mandato
463 3172 535 3214 cum
563 3149 754 3239 cogitamus,
782 3145 886 3210 fere
875 3171 910 3209 ιιι
938 3132 1008 3213 endi

60 3236 247 3320 sententiam
274 3253 495 3332 concedimur,
525 3267 561 3316 ut
589 3266 751 3339 putemus,
780 3250 910 3315 libidini
928 3220 1008 3331 mni·

58 3374 127 3423 tum
149 3356 322 3423 licentiae
312 3371 394 3420 rnter
413 3356 543 3423 ludaeos
561 3356 676 3433 dotum,
697 3377 722 3417 ar
713 3354 861 3439 'quidem
880 3377 945 3421 eon
958 3377 1008 3457 so-

60 3462 126 3526 lum
147 3458 314 3549 permissa,
335 3460 390 3551 red
410 3448 503 3524 etiem
523 3458 668 3571 mandata
686 3456 869 3551 polygamia
887 3456 955 3526 fuir.

60 3570 261 3588 ...ιιι-ι*

81 3607 221 3685 ¹&Fert
239 3617 479 3677 contrecto·
