2244 4028
384 228 387 233 .
434 225 437 234 .
476 110 652 259 genesis.
670 196 676 205 “
694 218 699 225 -
720 190 747 231 ·-
925 120 1028 255 ¹,illd

71 376 74 381 .
166 325 293 390 Dooent
310 334 414 387 nutem
434 323 573 409 exempla
592 325 682 401 telis,
710 342 760 388 ret
779 304 930 389 ltuntsna's
949 327 1030 412 ojus-

86 429 175 493 modi
194 448 277 503 esse,
305 436 364 502 ut,
384 423 446 487 uisi
464 427 617 514 singulari
637 428 698 492 Dei
723 427 916 515 benignitate
944 428 1030 493 Deus

88 533 244 618 gubemet
262 529 477 617 magistratus,
507 533 573 595 sine
591 531 915 616 grandibuspeoeatis
934 532 1032 618 impe·
1106 608 1110 617 1

86 636 135 698 eia
154 635 288 698 mtinere
308 653 372 696 nou
393 633 524 716 possint.
565 635 672 720 ltaque
691 654 812 721 poenae
837 638 962 722 quoque
981 658 1032 702 vn·

86 739 152 802 siae
172 749 203 801 et
223 757 335 824 graves
353 734 485 818 imperia
504 751 542 800 et‘
554 740 746 823 respublicas
766 751 914 802 exeroont.
993 762 996 769 ·

169 839 236 911 Sed
256 840 362 907 Patres
384 837 473 902 stiam
496 838 572 913 alias
592 840 699 901 musas
720 840 925 906 calamitatum
946 843 1034 907 oolli-

88 954 180 1027 gunt.
222 942 404 1027 Aliquando
433 943 515 1005 enim
534 940 671 1003 immittit
691 939 777 1005 Deus
803 964 939 1027 poenas,
967 942 1033 1008 no'u

88 1044 178 1128 quod
197 1042 333 1107 inveniat
349 1057 514 1129 ,pensatum
531 1043 589 1106 nti
612 1064 715 1126 poena
734 1044 870 1131 dignum·
881 1048 916 1109 in
935 1047 1035 1113 homi·

75 1168 140 1222 ue,
161 1145 219 1208 sed
240 1147 328 1229 quod
349 1146 423 1209 velit
443 1147 578 1229 probate
599 1143 697 1209 tidem>
707 1159 737 1210 et
746 1148 931 1230 patientiam.
951 1149 1033 1216 Nem

88 1250 177 1313 Hioli
197 1271 255 1311 sua
274 1247 336 1311 vita
354 1264 474 1331 poenas
484 1248 561 1311 tales
576 1268 640 1309 non
657 1258 722 1309 orat
736 1252 954 1317 oommmituss
970 1268 1035 1319 erat

90 1353 173 1415 anim
193 1351 320 1428 tinioso·
336 1352 464 1436 simplex
485 1365 516 1417 et
535 1360 653 1425 recten
676 1360 706 1412 et
727 1361 828 1416 tamen
840 1356 1035 1433 asasbissinse

89 1454 268 1539 flegellstue
287 1452 437 1532 adstans,
458 1456 504 1519 sio
524 1453 727 1539 permittente.
741 1454 892 1533 Domino,
910 1472 947 1523 ut
961 1481 1036 1544 pro-

89 1560 181 1622 baret
199 1557 293 1649 tidem
313 1572 344 1621 et
363 1560 566 1623 constantiam
587 1556 663 1640 ejus
677 1602 680 1607 .
695 1553 754 1619 sio
773 1558 856 1621 enim
876 1561 951 1625 dioit
970 1563 1036 1627 Do.

90 1663 204 1725 miuus-
224 1662 264 1724 sd
291 1661 453 1726 Satanan:
484 1661 568 1738 „Tu”
589 1680 639 1721 me
666 1659 863 1724 eommovisti
888 1660 1036 1741 adsersus

93 1789 175 1843 eum,
194 1777 231 1828 ut
249 1787 321 1828 eum
332 1776 534 1847 ·peroutesom
548 1758 696 1823 ·frustsa“
718 1759 819 1834 (Hiob
836 1768 874 1840 9,
894 1769 950 1836 3).

173 1866 311 1931 Pertinet
331 1867 414 1929 enim
434 1863 672 1941 adeeudisndos
692 1875 725 1926 et
737 1856 945 1932 ¹condolendus
964 1888 1035 1945 not,
1113 1848 1118 1861 ¹

94 1981 131 2032 ut
147 1968 319 2044 'diseamusg
339 1970 442 2031 Deum
463 1986 552 2049 saepe
578 1964 669 2027 etiam
687 1963 871 2031 innoeentes
892 1973 1039 2056 gravissi·

93 2075 154 2136 mis
175 2070 398 2135 calamitatibus
419 2081 448 2129 et
467 2068 578 2151 poenis
592 2065 756 2149 subjicere,
775 2082 895 2136 tantum
914 2085 951 2135 ut
965 2095 1040 2158 pso·

92 2177 148 2238 bet
169 2197 231 2236 eos.
272 2171 389 2235 Infirmi
414 2172 510 2235 animi
530 2191 601 2233 oum
622 2168 757 2231 sentiunt
775 2191 910 2255 poenas,
937 2175 1039 2238 statim

96 2276 317 2362 cogitationem
338 2276 376 2337 ds
395 2284 523 2357 pensato
544 2271 680 2349 addunt,
709 2285 738 2335 et
765 2287 963 2355 peecatorum
983 2278 1039 2339 has
1083 2352 1086 2359 Ι

97 2400 214 2462 poenas
236 2398 302 2440 esse
322 2375 469 2460 judicant.
491 2375 553 2438 Sed
572 2374 770 2437 statuendum
792 2386 848 2454 eet,
869 2378 941 2460 pio.
960 2380 1040 2444 mul.

95 2496 127 2546 ta
147 2483 301 2546 sustinere
320 2479 411 2552 mala,
431 2490 553 2540 tantum
571 2488 607 2538 ut
626 2473 808 2561 probentur.

178 2583 231 2646 Sin
260 2583 414 2645 Dominus
436 2585 474 2646 de
494 2602 552 2644 sue
572 2580 694 2664 populo
715 2578 809 2656 dicit,
830 2576 967 2645 Hierem.
987 2587 1039 2656 49.

96 2698 140 2759 (ι.
160 2691 243 2761 19.)ι
265 2685 396 2762 „Eoum
417 2685 531 2769 quibua
550 2703 615 2745 non
636 2695 701 2749 erat
720 2680 880 2768 judicium,
900 2696 937 2746 ut
955 2684 1042 2750 bibe

95 2798 166 2850 rent
187 2786 324 2863 saliosm,
343 2787 483 2851 bibentes
503 2783 629 2863 bibent,
655 2799 686 2848 st
715 2798 751 2849 tu
782 2785 869 2869 quasi
893 2787 1042 2851 innooeus

95 2891 338 2974 relinquerist‘t
365 2892 447 2954 Nam
465 2889 580 2953 Daniel
599 2900 630 2951 et
650 2886 717 2970 ejus
738 2888 829 2965 sosii,
854 2886 1044 2953 etsifesrent

96 2993 306 3076 captivitatem
325 2993 407 3057 inter
426 3007 551 3080 gentes,
578 3002 678 3053 tomen
699 2990 764 3052 suis
790 2991 927 3076 pensatis
947 2992 1044 3075 eapti·

96 3095 221 3156 vitatem
243 3117 326 3170 non,
347 3096 456 3160 otalii
477 3107 721 3181 promeruerant.
761 3093 816 3158 Sie
834 3091 868 3154 in
888 3092 1043 3157 auditione

83 3196 215 3258 ¹rustica
236 3200 327 3260 multi
347 3200 458 3283 optimi
480 3198 539 3258 viri
559 3194 735 3278 perierunt,
761 3218 827 3258 non
849 3194 923 3279 quia
942 3195 977 3258 in
997 3217 1045 3260 ea·

98 3301 171 3362 dem
192 3300 286 3383 eulpa
307 3313 406 3363 essent
426 3321 496 3360 oum
518 3300 679 3375 seditiosis,
700 3299 755 3361 sod
776 3297 849 3381 qnia
867 3299 947 3360 intse
963 3298 1045 3362 ¹sedi-

97 3403 201 3464 tiosos
234 3416 331 3464 stant.
372 3402 455 3465 Nam
485 3404 633 3487 publicae.
661 3401 847 3466 sulamitetes
886 3422 1045 3484 nunquam

85 3504 232 3579 ¹absunt,
262 3505 338 3587 quin
367 3504 458 3567 etism
487 3506 534 3590 pii
560 3506 774 3584 involventem
802 3506 836 3569 ti
862 3504 1045 3590 probtnm,

101 3606 153 3669 alii
171 3619 275 3679 sutem
296 3607 483 3692 judicantur.
616 3634 619 3639 ·
732 3662 736 3673 .
807 3636 810 3643 ·
