2244 4028
329 164 333 171 Ι
367 148 369 155 Ι
443 200 617 283 genesis.
807 276 817 301 Ι
978 155 1035 271 45.

78 346 143 410 tulo
163 366 224 407 suo
245 358 462 429 perrumpant.
504 346 565 409 Sed
586 348 687 410 evenit
698 350 829 428 tandem,
851 354 938 437 quod
957 376 1020 419 me·

75 461 172 525 tunnt,
194 460 229 511 et
249 460 322 531 t'pea
343 468 395 509 eos
417 446 505 510 fallit.
547 448 636 512 Sicut
654 452 802 527 videmus,
819 453 950 537 impiam
964 480 1020 540 po·
1045 468 1048 475 '

74 552 242 615 stu-itatem
263 551 343 613 Ham
377 548 593 614 miserabiliter
622 554 901 635 dispersam'esae,
926 558 1021 622 Noab

73 667 173 717 autem
197 676 272 716 cum
293 654 359 715 suis
379 666 544 715 senatum.
617 702 620 709 .

148 756 260 840 ltaque
279 768 345 817 tota
365 756 440 816 baec
461 754 586 817 historia
607 755 649 816 ad·
667 756 814 820 ecciesiae
833 764 1019 829 consolatio·

73 882 142 923 nem
161 858 326 923 referenda
340 870 401 931 est,
423 879 501 941 quas
521 858 578 920 etsi
600 858 639 920 ab
656 858 761 942 impiis
782 861 863 923 varie
883 878 1018 946 vexatur,

74 976 174 1027 tamen
206 962 378 1046 triumphat
407 962 547 1036 tandem,
578 958 669 1041 impii
690 974 791 1023 autem
812 980 959 1045 pereunt,
988 984 1018 1032 et
1046 1024 1050 1031 ,
1077 958 1080 967 ’

75 1076 144 1127 tunt
164 1064 342 1146 Prophetae
369 1087 494 1126 suarum
520 1062 733 1125 calamitatum.
775 1065 1019 1152 Sicut·Caipbas

76 1166 153 1239 (lob.
178 1174 233 1243 11,
253 1168 338 1238 ‘ib-bt
369 1166 447 1242 ,gNe
466 1166 545 1230 forte
576 1164 698 1228 veniant
719 1168 874 1248 Romani,
904 1186 934 1235 et
959 1158 1018 1238 tos-

75 1271 139 1333 lant
167 1280 292 1357 gentem
324 1276 500 1333 nostram“.
541 1270 584 1332 Et
610 1268 643 1329 in
663 1268 765 1332 Hosea
796 1291 923 1355 quoque
954 1289 1018 1338 est:

74 1370 274 1460 ·„Caatigabo
303 1396 376 1450 eoa,
404 1377 483 1438 sicut
503 1372 686 1436 audiverunt
715 1371 749 1433 in
769 1373 897 1447 ecclesia
923 1384 1017 1455 tua‚“
1107 1370 1110 1377 '

78 1474 194 1537 Hoseae
214 1479 241 1544 7.
267 1486 310 1549 (a.
335 1482 408 1550 tt)-
1001 1494 1006 1501 '

81 1655 297 1722 Detoendit
317 1668 448 1721 autem
469 1655 682 1729 Dominus,
704 1666 753 1717 ¹ut
779 1628 935 1719 viderit
962 1656 1018 1722 oi-

83 1758 241 1823 titatem
268 1774 307 1825 et
328 1760 493 1835 turrim,
521 1779 633 1841 quam
660 1755 942 1825 aedificabant
966 1759 1018 1823 fi·

407 1861 457 1925 lii
477 1859 684 1931 bominum.
873 1852 878 1859 ’

150 1985 247 2068 Quod
268 1986 449 2048 metuebant
468 1984 575 2066 impii,
597 1996 628 2044 et
646 1996 750 2045 tamen
771 1997 935 2066 superante
956 2008 1017 2048 ma·

84 2086 138 2148 litia
158 2099 206 2159 (ut
230 2089 390 2164 diximus),
412 2109 515 2149 secure
536 2083 785 2157 contemnebant,
805 2085 839 2145 id
849 2110 932 2150 nuuc
949 2111 1017 2153 eve·

84 2192 128 2253 nit
148 2192 204 2253 Est
224 2193 325 2274 igitur
345 2190 536 2273 theologicae
555 2187 716 2259 hiolocus‚
738 2186 793 2266 qui
814 2189 906 2251 etiam
919 2206 1019 2254 osten-

86 2295 125 2357 dit
140 2307 201 2354 tum
222 2295 376 2378 piorum,
403 2308 469 2356 tum
497 2288 666 2372 impiorum
688 2284 820 2350 affectet.
862 2291 914 2353 Sic
935 2295 1019 2358 enim

86 2398 209 2458 vide-aa
231 2398 293 2459 iata
315 2398 398 2482 geri:
429 2399 500 2458 dum
528 2404 675 2475 peccator
693 2388 727 2449 in
747 2401 818 2449 actu
838 2403 883 2452 est
914 2405 943 2454 tt
961 2392 1020 2457 fer.

81 2514 136 2573 vet,
155 2522 219 2561 uon
243 2502 347 2576 videt,
368 2521 430 2560 non
450 2495 609 2579 loquitur,
630 2512 694 2552 non
716 2491 806 2551 sentit
827 2492 934 2555 Deum.
965 2499 1019 2561 Sic

79 2605 155 2667 enirn
176 2602 297 2685 judicat
318 2613 474 2685 peccator,
488 2598 589 2661 Deum
611 2595 810 2673 munden,
831 2618 887 2660 neo
897 2600 1019 2680 sentire,

78 2728 151 2791 quae
171 2704 277 2766 faciat.

151 2807 251 2867 Adam
276 2826 346 2865 cum
367 2822 496 2884 pomum
514 2803 564 2866 ori
579 2802 730 2873 admovet,
752 2821 815 2862 non
831 2801 1020 2868 animadver-

75 2909 111 2969 tit
130 2909 169 2971 ad
189 2907 329 2970 verbum.
369 2904 479 2988 ltaque
496 2905 525 2966 si
547 2907 612 2987 ejus
634 2901 852 2964 conscientiam
873 2904 1020 2988 intronpj.

80 3032 175 3085 ceret,
204 3031 269 3070 non
296 3006 395 3092 magis
418 3008 456 3068 de
477 3007 544 3067 Deo
567 3019 598 3067 et
618 3004 711 3065 verbo
734 3004 800 3085 ejus
820 3007 940 3071 videret
960 3011 1021 3073 eol.

78 3115 194 3175 lieitum
216 3134 299 3187 ease,
333 3110 473 3194 quamsi
494 3108 578 3169 Deus
600 3118 680 3167 esset
710 3126 758 3165 res
778 3122 902 3170 mortua
923 3123 952 3170 et
974 3109 1021 3171 ni-

79 3214 149 3275 bili:
171 3216 253 3275 sieut
273 3214 444 3295 impiorum
455 3212 659 3296 cogitationes
680 3208 806 3292 egregie
820 3211 926 3293 pingit
937 3213 1021 3283 Psal-

80 3338 142 3377 mua
168 3321 213 3381 10.
237 3328 282 3390 [a.
302 3322 375 3389 lt),
398 3338 468 3377 cum
490 3314 579 3375 dicit:
603 3310 713 3383 „Dicit
733 3310 848 3392 impius
867 3315 902 3373 in
924 3316 1020 3375 corde

82 3439 145 3477 auo:
178 3415 308 3479 Oblitus
338 3432 385 3479 est
406 3418 509 3489 Deus,
535 3414 695 3478 abscondit
714 3412 821 3473 faciem
849 3434 955 3492 auant,
982 3440 1022 3478 ne

81 3518 372 3602 unquam,videat“.
413 3517 466 3579 Sic
494 3517 576 3578 enim
599 3514 677 3576 Cain
700 3514 835 3593 cogitat,
863 3538 934 3580 oum
963 3518 1025 3581 fra.

83 3637 152 3687 trem
173 3626 291 3688 invadit
311 3636 343 3683 et
358 3620 502 3703 jugulat,
524 3619 625 3679 Deum
648 3616 824 3694 dormitare,
847 3638 905 3685 nen
926 3623 1022 3707 inspi.
