2288 4042
99 185 158 253 m
355 134 650 287 Duodaoimnn·
670 206 789 276 oapnt
812 152 815 157 ἱ

98 333 257 421 sequentia
285 337 463 413 ostendant,
493 339 639 403 habuiata
658 340 869 407 Abrahnmum
896 366 1039 413 numero·

97 460 164 505 tam
184 438 347 504 familiana
369 441 397 503 ai
418 442 544 526 quidem
565 464 600 507 ex
620 444 665 505 eia
685 457 838 509 trecentos
858 459 963 508 armat.
1060 446 1064 455 '

115 544 386 630 ·Saepaautem
399 546 476 608 diri·
498 547 681 610 rotabulum
701 553 790 616 WB)
818 548 948 630 proprio
975 548 1038 633 aig·

97 645 199 712 nificat
220 671 334 733 norpua
355 651 538 728 animatum,
560 672 614 713 aeu
631 649 744 711 virum.
786 650 927 710 Teutam
934 652 1038 713 multi·

96 753 237 835 tudinem
256 754 306 816 hio
326 753 542 837 paterfamiliae
555 776 658 816 eeoum
678 750 800 813 trahit
790 751 971 845 nniguotom
992 776 1038 816 re·

96 853 237 941 gionem,
233 852 298 918 ad
316 850 455 919 hominen
477 855 651 919 differentes
672 853 834 938 religione,
855 866 886 915 et
906 853 1002 915 ideo
993 877 1039 917 m·

97 953 192 1041 faetor
212 954 287 1020 huin
308 958 415 1023 extuli.
465 956 514 1021 De
535 957 680 1043 periouiia
699 952 808 1043 igitur,
833 956 870 1018 de
891 958 1039 1021 moieatiia

98 1070 128 1121 at
147 1057 310 1123 laboribus
329 1081 422 1124 namo
444 1059 572 1137 dubitet,
596 1061 673 1145 quin
695 1057 822 1122 infinitis
843 1062 904 1123 tint
915 1061 1040 1144 objecti.

97 1160 180 1227 Nam
203 1163 230 1229 ai
249 1184 329 1226 uxor
348 1162 414 1247 ejus
435 1162 528 1224 totiea
548 1161 724 1245 periclitata
743 1175 798 1238 eat,
822 1163 1039 1247 quidpntabi-

83 1278 168 1327 'mut
188 1285 297 1348 paeana
317 1260 466 1329 familiam
487 1277 517 1327 et
537 1263 679 1346 peoora?

171 1356 394 1449 Exemplum
383 1364 481 1449 agitur
500 1363 574 1430 fidei
595 1365 695 1429 boo
684 1389 718 1429 m
745 1368 817 1430 loon
838 1368 944 1431 Monet
972 1368 1040 1432 vult

99 1456 214 1534 nostrie
235 1458 335 1535 oeulis
355 1480 536 1554 proponent
555 1467 733 1553 ringulam,
762 1471 802 1533 ad
824 1470 957 1553 qnod
931 1494 959 1533 ει
980 1494 1040 1533 noa

100 1570 311 1659 conferemus,
338 1593 396 1637 noe
422 1570 522 1635 noatri
541 1568 681 1654 pudebit.
723 1571 804 1655 Quia
832 1573 913 1634 enim
943 1573 1038 1651 diret,

100 1698 133 1751 aa
152 1675 305 1741 ‹leoimam
324 1673 434 1738 harum
452 1672 660 1740 tentationum
680 1685 710 1734 et
729 1673 942 1756 periculorum
969 1696 1039 1758 par-

98 1785 161 1838 tam
181 1774 363 1859 expertum?
383 1774 451 1839 Noa
471 1776 643 1840 enimcum
663 1773 810 1841 familiam
830 1777 870 1838 ad
891 1777 951 1839 alia
970 1776 1040 1843 loca

100 1874 329 1954 merainimus,
349 1900 414 1943 non
434 1879 474 1942 ad
494 1878 632 1965 ignotae,
652 1878 708 1940 aad
728 1875 768 1939 ad
789 1877 906 1940 amicos
922 1878 1042 1964 migra-

100 2001 186 2054 mus,
207 1993 281 2056 aut,
301 1981 328 2043 ai
348 1980 447 2064 ignoti
468 1993 555 2056 aunt,
577 1980 684 2041 saltem
703 1977 813 2062 lingua
834 1991 864 2039 et
884 1978 1041 2066 religione

100 2082 194 2145 nobie
215 2082 374 2165 conjuncti
394 2094 484 2159 aunt3
524 2082 579 2143 aed
606 2082 703 2196 longe
734 2078 796 2141 alia
823 2079 916 2163 hujus
944 2084 1041 2146 nostri

100 2184 212 2247 exaulia
232 2183 376 2269 migratio
397 2197 451 2246 est.
492 2184 606 2247 Merito
632 2180 729 2280 igitur
756 2203 775 2241 o
803 2199 907 2247 sanato
928 2187 1042 2265 Paulo,

101 2284 202 2349 Galat
222 2289 251 2354 3
275 2294 320 2361 (v.
341 2292 385 2360 9.)
407 2300 566 2364 vocatur,
568 2285 726 2363 ,fidelir‘g
754 2286 842 2369 quod
869 2309 939 2349 oum
960 2302 1043 2352 tanta

100 2389 191 2452 turba
211 2386 435 2471 profectionem
456 2390 533 2452 hana
560 2386 695 2470 surrepit
716 2387 784 2448 aola
804 2388 944 2452 suffultus
966 2389 1043 2454 fidu-

101 2478 150 2555 oia
169 2488 395 2553 misericordiae
415 2491 485 2567 Dei,
507 2490 564 2577 qui
582 2489 779 2575 promiserat,
801 2510 832 2553 ae
855 2490 882 2552 ei
902 2493 1042 2557 heredio-

98 2604 214 2659 aurum.

180 2692 245 2757 sed
273 2691 402 2755 nomitea
429 2713 555 2777 quoque
582 2691 676 2776 huju·
704 2691 908 2776 profectionis
934 2697 1043 2759 merita

97 2794 268 2861 turlanda
289 2811 445 2873 notarunt
465 2792 643 2859 frustrandi.
684 2795 760 2858 Non
789 2799 870 2861 enim
899 2798 1043 2881 exiguum

96 2886 251 2985 quiddam
271 2910 335 2974 eat,
364 2898 449 2981 quod
469 2897 559 2961 Sarni
585 2911 616 2961 et
635 2897 731 2960 Lothi
757 2918 836 2965 uxor
853 2894 1044 2960 'maritorum‘

63 3064 65 3069 ,
95 3001 313 3081 auotoritatam
333 3012 364 3061 at
383 3002 551 3065 eonsilium
571 3012 693 3063 aeautae
715 3009 794 3061 aunt.
815 2997 899 3057 Nam
919 3000 1044 3060 mulier-

94 3104 189 3176 culae
210 3102 250 3164 ad
269 3102 539 3187 peregrinationes
564 3103 733 3167 admodum
753 3109 825 3164 aunt
844 3099 988 3177 timidae,
1014 3110 1046 3162 et

65 3188 68 3197 ¹
93 3203 274 3291 aegerrime
295 3204 456 3267 diocedunt
477 3225 496 3266 a
515 3202 589 3266 ania.

124 3315 129 3324 '
171 3306 229 3370 ‘De
251 3305 345 3367 nervia
365 3318 467 3368 autem
487 3317 518 3367 et
537 3292 659 3368 auoillia
672 3302 786 3378 miror3
807 3302 842 3363 hi
858 3301 1044 3366 enimoino·

92 3418 236 3474 eteorum
256 3407 388 3471 fuissent
408 3406 542 3484 similet,
569 3426 721 3488 nunquam
748 3406 893 3468 tuliaaent
919 3404 1042 3487 pedem.

92 3502 195 3587 Unda
215 3512 314 3596 igitur
333 3521 414 3574 tanta
434 3508 625 3586 ohedientia,
654 3521 686 3571 et
709 3521 771 3569 tam
792 3502 915 3592 promta
935 3508 1045 3567 volun·

63 3642 83 3658 ·»
171 3611 207 3675 ul
228 3602 428 3695 requendum
454 3612 666 3675 anctoritatem
694 3611 948 3696 patriafamiliaai’
988 3609 1046 3672 Ni·
