2244 4028
95 184 140 254 42
186 151 193 165 i
218 240 222 260 .
375 166 639 249 Undeoimum
660 199 804 271 oaput-

119 280 127 311 l

95 332 221 399 Deinde
241 320 301 397 h'oo
322 352 447 419 quoqne
466 346 547 399 seete
568 334 692 414 definit,
721 336 749 401 si
773 334 908 412 statuat,
927 336 1028 403 tuimu

95 437 266 503 mentiendi
287 448 316 498 et
336 435 501 499 occidendi
522 426 588 503 essu
608 441 697 505 diota.
755 474 769 497 ·,
865 462 868 467 ·
1032 448 1036 457 ’

176 540 269 600 Hunc
288 560 435 600 oauonem
457 539 489 600 iu
510 540 612 622 Papae
639 540 836 624 dogmatibus
862 518 1052 624 judicantis

96 653 218 704 sanutus
238 662 315 701 sum.
338 625 428 724 Quia¹
441 624 699 718 enim'sideissm,
720 642 763 706 en¹
776 640 848 705 uuus
867 640 963 705 verbo
977 640 1029 705 osi

12 766 16 785 ¹
94 763 161 805 uon
181 743 362 817 convenire,
383 743 567 819 statuebam,
588 745 654 827 ejus
675 747 822 831 dogmata
842 768 879 808 ex
901 743 1027 811 Diatots

96 864 179 919 esse,
210 837 388 927 comparatu
408 845 448 907 ad
474 844 643 924 fallendum
669 842 701 912 et
717 847 951 924 occidendum
978 866 1025 923 uss

93 968 206 1033 passus
227 970 306 1023 sum,
326 949 365 1009 ab
386 947 443 1011 huo
462 932 611 1012 sententis
633 973 682 1014 me
703 953 767 1014 ulla
787 950 893 1035 speeie
914 946 1025 1026 sbduu',

71 1078 76 1090 ·
96 1070 158 1133 qua
177 1048 444 1112 totumu'sundum
466 1050 585 1134 decepit
596 1057 759 1119 sceleratus
769 1055 935 1137 impostor.
956 1048 1025 1115 Cute

94 1151 194 1238 igitur
212 1150 263 1217 hio
284 1171 382 1212 onnon
401 1150 434 1212 in
455 1146 630 1237 judicandis
662 1169 692 1219 et
710 1154 958 1243 interpretauflit'¹
970 1176 1025 1219 vtt-

94 1255 143 1319 bis
164 1268 194 1316 et
214 1243 300 1315 facitis
320 1251 382 1314 Dei
410 1265 440 1315 et
459 1251 606 1332 Satanae,
636 1258 763 1341 piorum
792 1270 824 1320 et
848 1255 1025 1344 impiorum,

32 1360 35 1369 '
95 1380 162 1422 nou
181 1354 286 1431 fallat,
307 1375 376 1418 eum
397 1356 446 1417 hio
467 1377 593 1441 quoque
612 1373 695 1447 recte
715 1379 912 1445 sequentum·
1042 1374 1046 1385 ·

174 1457 328 1521 invaserat
346 1457 513 1540 posteritas
532 1458 629 1534 Ham,
654 1462 791 1527 Nimrod
811 1473 841 1523 st
862 1458 916 1522 alii
935 1456 1025 1543 regio·

93 1546 184 1638 uem,
213 1582 291 1645 quaa
311 1559 374 1643 ipsi
394 1559 482 1635 Sem,
511 1560 619 1630 heredi
648 1562 866 1647 promissionis
887 1563 928 1625 de
948 1560 1026 1625 chti-

94 1676 154 1740 ato,
175 1664 348 1725 obvenerat
368 1662 412 1726 Et
432 1663 506 1747 quia
526 1678 611 1738 erunt
626 1663 788 1748 tyrannica
807 1662 946 1749 ingenis,
965 1662 1027 1727 ada·

93 1778 142 1830 rst
162 1766 314 1850 cupiditas
335 1788 400 1829 non
421 1768 523 1831 solum
543 1764 688 1850 ejioieudi
707 1775 849 1849 posteros
869 1762 960 1841 Sem,
978 1764 1026 1829 sod

74 1906 76 1911 ·
93 1867 187 1931 etiam
196 1869 424 1932 constituendae
440 1890 539 1933 novas
548 1882 614 1932 tum
631 1867 772 1953 politiae,
792 1877 859 1931 tum
879 1866 1037 1957 ecclesiast

94 1969 184 2054 Quae
202 1967 301 2056 igitur
320 1982 489 2053 coeperunt
510 1983 617 2041 eontra
640 1991 744 2034 veram
764 1967 944 2045 soolesiaua,
963 1990 1028 2032 ooo·

93 2084 141 2135 tra
160 2071 264 2156 ipsum
285 2072 525 2157 gubernatorem
545 2070 691 2141 ecelesiae
701 2069 794 2142 Noah
810 2082 841 2132 st
860 2056 950 2156 piam¹
966 2071 1028 2154 ejus

92 2175 319 2258 posteritatem,
340 2176 397 2236 etsi
417 2174 516 2239 literis
536 2173 646 2236 tradita
666 2192 731 2241 non
751 2184 840 2246 sunt,
870 2160 1028 2235 mmeu'si·

1 2300 2 2305 ¹
92 2277 270 2342 militudine
289 2275 425 2361 intelligi
443 2274 591 2357 possunt,
621 2273 648 2335 si
667 2273 761 2335 hodie
780 2282 963 2345 nostrorum
981 2274 1026 2337 sti-

92 2381 298 2444 verssriorum
313 2376 391 2441 fautu
403 2376 631 2439 consideremus
644 2375 832 2459 diligentius.
854 2372 938 2438 Nam
951 2376 1027 2440 iden

94 2504 217 2568 semper
237 2480 330 2544 Satan
350 2491 406 2557 est,
426 2478 483 2563 qui
501 2476 616 2572 impios
631 2490 737 2551 oootss
755 2494 859 2551 vesum
869 2460 1025 2545 euolesiuis

91 2582 231 2666 instigat.
339 2584 342 2593 ’

172 2681 267 2744 Noah
286 2677 382 2763 igitur
402 2690 433 2740 et
446 2668 506 2741 'alii
527 2678 572 2760 pii
592 2699 663 2741 oum
686 2676 892 2747 sio-vidsrsut
912 2700 945 2742 ss
964 2698 1024 2763 pn·

92 2783 155 2860 mi,
176 2794 206 2845 et
224 2782 343 2849 institui
362 2801 460 2844 novos
479 2780 589 2855 uultus,
610 2779 769 2851 dialeotioa
787 2778 1021 2855 induotiouaia·
1043 2808 1052 2841 ς

94 2885 136 2947 oti
155 2897 228 2946 aunt
242 2883 424 2973 Prophetae,
444 2883 483 2947 sit
504 2883 623 2973 Spiritu
637 2895 743 2945 sanato
764 2904 895 2967 quoquo
906 2902 1017 2946 moues·
1035 2910 1052 2975 Ι;;

91 3003 123 3051 te
144 2989 183 3050 de
202 3008 317 3072 genere
335 3006 454 3071 poenae
474 2998 590 3055 oenum
605 2986 732 3049 iurent
760 2985 812 3058 ‚sio
832 2985 919 3055 euim
938 2984 1016 3049 oolla
1036 3024 1039 3029 -

92 3099 220 3175 geruum
241 3088 327 3157 Adae
348 3109 414 3150 nou
424 3089 550 3171 impuno
565 3085 634 3163 fuit,
654 3106 799 3171 peooasse
818 3086 853 3158 iu
874 3086 1014 3167 Perediam
1032 3066 1052 3171 ’,-

91 3205 123 3256 st
142 3191 247 3257 huerst
266 3189 366 3260 adhuo
379 3189 413 3261 iu
433 3188 524 3258 uobis
545 3186 768 3272 omnibuasjus
788 3189 907 3273 peooati
918 3208 1052 3276 posim

92 3292 175 3365 Catu
194 3293 284 3360 etiam
304 3291 431 3374 punitus
459 3303 503 3358 est
528 3289 570 3357 ob
590 3289 726 3357 necisum
745 3289 890 3367 fratrem,
916 3303 947 3355 st
970 3290 1052 3354 is·-

90 3395 183 3478 piam.
199 3394 238 3456 de
258 3392 327 3464 ,Deo
348 3386 549 3476 opinionem,
576 3394 677 3457 dones
700 3395 822 3465 tandem
851 3406 952 3461 totum
975 3414 1013 3456 us·
1034 3404 1052 3411 “

90 3497 163 3563 bem
182 3507 334 3559 terrarum
349 3496 433 3558 Deus
453 3519 510 3578 per
530 3494 687 3568 diluuium
699 3496 853 3587 perdidit
882 3494 1012 3561 Profsuto

84 3599 140 3672 his
159 3620 288 3693 quoque
308 3620 372 3669 non
391 3600 517 3685 impuno
537 3596 606 3675 erit,
626 3608 757 3661 tentasse
773 3599 974 3682 tyrannidem,
989 3611 1014 3663 st
