2244 4028
83 176 128 245 88
228 177 231 183 ’
283 198 286 205 ·
350 170 615 269 Undecimum
642 182 777 254 caput·
830 116 839 261 Ι,

83 322 166 388 Nam
186 320 243 384 nbi
270 321 422 387 mediator
441 319 584 386 Christus
616 341 680 383 uon
701 317 899 405 agnoscitur,
922 316 962 383 ibi

85 438 138 490 out
156 424 345 513 linguarum,
365 426 410 487 its
428 425 519 487 etiam
541 408 712 487 animorum
723 420 892 496 discordia,
912 421 962 482 etl

85 528 338 619 sibilis’caeoitaa
359 542 414 592 est.
456 529 557 615 Igitur
576 549 648 590 cum
674 527 900 609 perlustramus
922 544 962 584 ou

87 629 226 695 omnium
258 631 396 716 gentium
428 642 459 699 et
486 645 664 714 temporum
694 625 855 703 historias,
891 623 962 686 vida

87 734 189 796 varios
208 731 363 794 bellorum
384 746 505 819 motus,
533 753 675 816 maguam
696 751 836 803 morum,
864 729 962 814 religi

89 846 122 897 et
151 833 336 916 opinionum
362 835 539 896 uarietatem
567 856 603 896 ex
622 833 884 915 ista-‚linguarum
905 829 963 890 diss

90 936 179 998 sitate
198 947 307 997 uatum
328 934 410 1000 Huic
430 934 513 1000 ma'lo
534 934 653 998 mederi
674 932 817 996 Christus
836 951 921 994 novo
941 953 963 991 ιι

91 1036 165 1101 tulo
184 1026 308 1100 voluit.¹

170 1137 246 1226 Ego
265 1139 377 1202 Italum
397 1159 462 1225 nou
481 1135 635 1222 intelligo,
655 1157 712 1199 neu
732 1135 826 1198 Italus
836 1156 908 1210 me
927 1133 963 1195 ita

88 1242 246 1319 naturalia,
266 1243 356 1328 qnasi
381 1242 503 1304 occasio
528 1241 595 1304 irae
624 1255 655 1304 et
679 1238 853 1334 inimicitiae
875 1238 956 1300 inter

32 1384 33 1389 κ
93 1356 149 1408 eat.
191 1342 299 1409 sed
274 1367 301 1406 ιι
322 1344 478 1409 Christum
497 1346 621 1429 utrique
639 1322 862 1430 intelligimus,
888 1351 963 1421 tanq

94 1459 203 1509 nostra
222 1436 360 1529 mambra
380 1469 439 1511 noa
459 1449 589 1512 ioricam
610 1448 843 1530 complectimur
863 1458 894 1507 et
915 1461 963 1503 axo

94 1550 206 1612 lamur.
224 1624 227 1629 Ι
246 1547 312 1612 Ubi
331 1561 433 1612 autem
454 1548 597 1613 Christus
617 1572 682 1613 nou
702 1561 764 1621 est,
788 1546 832 1608 ibi
852 1559 963 1630 regnat

96 1651 159 1714 nuo
191 1650 286 1735 uasis
317 1640 421 1735 piena
452 1630 662 1738 assyrius,
700 1648 811 1715 arvico
846 1647 964 1734 ringus

96 1762 179 1836 quaa
203 1765 318 1816 certam
346 1756 517 1820 animorum
547 1756 728 1820 divisionem
753 1753 852 1837 parit,
881 1765 912 1813 et
939 1763 964 1812 tt

97 1868 163 1918 trun
181 1867 303 1919 tantum
323 1859 533 1924 oeconomiam
553 1873 584 1924 ιι
601 1859 760 1947 politiam,
780 1855 835 1921 scd
855 1854 952 1917 etiam

9 1972 12 1979 '
98 1957 224 2044 gionem
245 1970 276 2020 et
295 1959 461 2024 eeclesiam.

125 2100 134 2109 κ
179 2060 291 2123 Mouet
311 2074 412 2123 autem
428 2073 496 2124 ἰιιιι
514 2061 676 2135 horribilis
695 2083 806 2146 poena,
825 2072 863 2122 ut
883 2079 964 2123 casu

99 2161 204 2239 nobie,
224 2183 272 2225 ae·
285 2145 492 2246 apostatemus
512 2187 530 2227 a
549 2166 656 2241 verbo,
678 2178 732 2227 aut
750 2187 808 2228 nos
828 2164 896 2226 aliia
918 2176 964 2224 ant

101 2284 229 2340 namus,
256 2261 403 2350 tauquam
423 2267 566 2331 meliores
587 2250 625 2331 'et
645 2267 822 2347 sanctiores.
863 2266 936 2328 Hoc
961 2293 964 2316 ι

101 2366 179 2461 'quia
197 2368 361 2452 posteritas
380 2368 461 2430 Ham
486 2367 576 2445 facit,
603 2381 666 2431 tam
686 2369 848 2431 horribilia
875 2389 965 2452 poen.

105 2482 175 2545 outa
194 2482 255 2546 ιιι,
284 2489 362 2553 quaa
388 2469 472 2532 haud
492 2472 558 2537 scio
586 2493 627 2547 au
647 2493 711 2533 nou
731 2472 802 2555 plus
830 2470 908 2532 mali
929 2469 965 2530 de

105 2572 213 2656 generi
232 2571 384 2649 humano,
416 2596 509 2657 (ιιιιιι
529 2574 632 2666 ipsum
660 2573 820 2636 diluvium.
862 2572 936 2632 Hoc

104 2685 225 2741 tantum
253 2673 345 2743 uuiua
339 2676 511 2777 temporis
537 2675 713 2745 hominibus
733 2676 858 2751 nocuit,
888 2673 965 2735 illud

101 2788 183 2871 Ιιιιιι
180 2775 284 2844 durat
302 2797 401 2861 usque
421 2777 463 2839 ad
482 2770 591 2843 muudi
611 2776 714 2851 finem.
746 2745 938 2864 Quanquam
960 2786 965 2829 t

109 2892 176 2941 stus
202 2880 339 2967 aliquam
360 2900 452 2971 opem
471 2881 544 2955 tulit
567 2883 658 2954 nobis
684 2880 913 2975 perspiritum
942 2899 965 2940 ιι

109 2981 167 3045 set
185 2984 334 3066 quantula
362 3005 395 3047 aa
415 3006 488 3068 para
508 2999 571 3064 est,
601 2990 680 3072 quas
699 2985 828 3048 verbum
856 2982 965 3067 amplo

111 3084 282 3163 utotsditi’
321 3085 454 3177 Reliqua
473 3087 659 3165 multitudo,
680 3089 759 3159 sicut
778 3089 905 3174 lingua,
925 3085 966 3158 ita

111 3186 173 3249 mis
192 3185 350 3264 dissentit,
370 3200 401 3259 et
420 3188 561 3271 Satanae,
580 3190 699 3261 auctori
717 3192 874 3260 bellorum
896 3202 927 3253 et
938 3188 966 3252 di

113 3288 198 3366 diss,
218 3289 404 3381 gutissimss
423 3305 560 3383 praestat
578 3314 699 3377 operas.

192 3393 310 3475 Tettio,
330 3397 542 3480 postquands
561 3391 925 3480 psoostosrditieantium
940 3405 966 3456 et

49 3506 54 3513 “
115 3522 156 3566 ns
186 3499 336 3603 diximus,
360 3523 425 3566 uon
445 3499 577 3570 inutile
577 3513 638 3576 ιιι,
669 3499 695 3562 ai
722 3510 872 3583 supputes
900 3511 966 3558 tam

42 3668 47 3675 .
112 3617 194 3705 φοι
218 3574 336 3669 scilicet
361 3605 438 3668 anui
457 3604 520 3724 aiut
543 3605 625 3669 inter
644 3602 794 3681 diluuium
822 3613 853 3664 at
872 3613 966 3663 natun
