2244 4028
437 168 610 282 'gsnssis
963 208 1004 272 59

67 374 112 414 sus
134 350 337 423 voravimus,
364 363 496 413 mortem
527 351 730 413 eccelersmus
756 351 899 414 rsrietsts
919 352 1003 415 cibo·

67 480 121 518 um
142 468 175 516 et
195 453 286 515 luxu.
325 452 409 517 Nem
431 456 456 517 si
469 467 626 516 uteremur
646 451 838 534 simplicibus
859 453 945 530 cibis,
967 457 1004 518 si-

67 580 92 622 se
109 557 327 621 condimentis
348 557 494 632 exoticis,
524 576 603 639 quse
631 558 736 643 gulam
766 554 908 634 irritent,
936 550 1005 620 sirie

67 663 152 728 lubio
174 662 326 748 longiore
346 674 506 722 uteremur
526 658 594 721 sits.

135 864 192 927 Me
212 883 313 946 puero
328 859 481 944 plerique,
503 858 592 921 etium
616 857 671 941 qui
685 838 895 921 excisoribus
909 874 1005 937 erent,

67 966 208 1051 potsbsut
229 988 354 1050 equum,
376 965 542 1026 utebantur
563 959 800 1041 simplicissimis
811 960 887 1023 cibis
910 976 938 1023 et
953 985 1006 1045 ps-

67 1068 226 1144 rrbilibus;
249 1066 377 1151 quidsm
400 1067 448 1128 vix
459 1062 617 1147 trigesimo
629 1085 711 1127 anno
723 1064 891 1145 coqteruut
904 1075 1006 1148 gustu·

67 1192 97 1232 re
109 1170 227 1231 riuum.
257 1168 354 1231 Nune
374 1166 464 1251 pueri
479 1163 541 1225 fere
557 1163 725 1245 sssucliunt
747 1166 889 1243 edvius,
911 1190 1006 1251 esque

69 1286 115 1335 sut
133 1272 272 1345 exotico,
301 1281 355 1331 eut
381 1267 565 1344 sublimata,
596 1269 711 1351 quibus
739 1270 836 1351 jejuni
868 1280 1004 1331 utuntur.

71 1372 269 1459 Quid'igitur
289 1372 403 1435 mirum
425 1384 486 1445 est,
512 1368 537 1430 ri
564 1392 627 1430 non
642 1370 813 1461 ‘dimidient'
829 1372 894 1433 dier
915 1394 1006 1446 suos,

73 1487 97 1537 st
113 1472 290 1558 paucissimi
312 1472 603 1559 quinquagesimum
625 1494 737 1541 sunum
759 1474 940 1556 uttingunt?
962 1473 1008 1537 Si-

74 1588 117 1639 eut
133 1574 231 1657 igitur
251 1590 384 1659 pomum
405 1589 544 1639 voratum
564 1588 693 1636 mortem
716 1575 835 1651 attulit,
862 1576 905 1640 its
932 1590 1009 1653 tros,
1046 1606 1049 1611 ·

76 1670 149 1762 quod
178 1679 217 1739 de
245 1677 310 1737 vits
331 1676 485 1763 reliquum
508 1678 675 1755 hahemus,
702 1679 778 1743 luxu
806 1693 836 1743 et
862 1676 1009 1745 serietate

78 1766 209 1847 ciboruru·
224 1780 406 1847 emittimus.
946 1770 949 1775 ’

82 2040 262 2124 Viritque
286 2038 393 2112 Sem,
413 2050 628 2122 postquem
650 2041 789 2125 genuit
809 2042 1010 2124 Arphsoh·

78 2148 146 2221 ssd,
166 2144 353 2230 triginta
376 2143 555 2226 quinque
577 2143 706 2219 suuis,
736 2148 935 2231 ergenuit
963 2147 1010 2208 fi.

401 2246 481 2313 lios
502 2259 538 2309 et
558 2240 677 2309 filios.

143 2391 315 2453 Mirabitur
337 2391 465 2456 fortasse
484 2394 586 2455 lector
612 2392 644 2452 in
671 2391 732 2453 hoc
764 2391 921 2474 catalogo,
955 2415 1011 2455 cur

80 2514 131 2553 nou
149 2493 304 2555 addiderit
316 2494 432 2568 Moses,
455 2493 531 2557 siout
551 2494 584 2555 in
605 2496 766 2579 superiore
788 2500 832 2571 (5,
854 2503 908 2568 8.),
931 2496 1012 2556 clau·

77 2595 179 2656 sulam:
214 2595 289 2671 „Et
320 2603 461 2659 mortuus
492 2606 573 2658 est“.
623 2597 686 2660 Sed
716 2594 813 2658 facilis
849 2599 927 2661 rstio
956 2613 1010 2660 est.

76 2699 131 2759 llus
150 2698 290 2760 clausule
312 2698 419 2758 Moses
441 2720 533 2783 suprs
553 2700 622 2760 ideo
646 2699 747 2759 voluit
766 2701 829 2775 uti,
860 2714 896 2760 ut
923 2715 1008 2763 tento

76 2801 217 2860 illustrius
239 2814 271 2860 et
292 2801 490 2881 conspectius
512 2814 590 2862 esset
611 2801 784 2883 exemplum
812 2805 1011 2865 resurrectio·
1046 2850 1050 2857 ,

76 2903 116 2962 uis
136 2917 163 2963 et
183 2903 308 2963 futurae
330 2904 420 2977 vitus,
443 2905 526 2986 quod
539 2904 625 2965 Deus
646 2905 747 2986 primo
759 2906 877 2965 mundo
898 2906 929 2966 in
943 2929 1011 2989 per-

77 3026 142 3066 sons
163 3006 295 3067 Henoch
316 3008 490 3089 proposuit.
531 3007 613 3067 lllud
633 3006 732 3068 voluit
750 3007 856 3068 Moses
878 3010 1013 3071 celebre·

77 3131 119 3181 re,
147 3125 181 3170 ut
208 3109 302 3173 etism
325 3131 387 3172 uon
411 3122 543 3169 attentus
565 3107 680 3182 lector,
709 3129 780 3169 cum
810 3111 847 3171 de
877 3112 1011 3194 reliquis

78 3212 211 3270 omnibus
232 3211 332 3292 legit:
364 3211 435 3285 „Et
463 3224 604 3271 mortuus
626 3217 710 3282 est“,
740 3211 773 3269 in
795 3235 860 3273 uno
882 3214 1012 3274 Henoch

79 3313 205 3387 resistet,
239 3314 276 3374 (le
306 3333 369 3395 quo
400 3334 461 3371 nou
491 3312 618 3371 dicitur:
650 3314 823 3389 „Mortuus
845 3311 936 3390 est“‚‘
959 3321 1014 3380 sed

80 3416 261 3487 „Tuliteum
272 3417 458 3488 Dominus‚“
482 3416 646 3496 aocogitet,
670 3438 731 3497 quo
749 3438 815 3477 eum
827 3420 942 3494 tulerit,
960 3423 1015 3483 ubi

81 3520 118 3583 sit,
137 3521 210 3601 quid
233 3520 327 3603 sgst?
362 3518 447 3577 Hucc
469 3519 617 3599 cogitatio
644 3517 725 3577 euim
747 3521 839 3580 etism
862 3522 948 3582 sliud
966 3546 1016 3583 co-

83 3622 213 3701 gitantem
236 3623 387 3682 lectorem
410 3620 532 3683 deducit
554 3622 593 3680 ud
614 3635 726 3685 certum
748 3644 834 3706 spem
856 3623 1015 3686 immortu-
