2244 4028
421 188 615 276 genesis.-
686 203 690 213 “
870 160 876 178 ’
916 193 973 259 121

80 351 169 424 pore,
186 350 326 423 tauquam
344 336 395 400 lex
416 340 487 401 data
506 351 570 414 est,
598 336 662 401 imo
683 332 788 400 etism
782 352 975 425 ,autequam

80 435 245 509 manuum
261 452 313 515 est,
332 453 494 526 antequam
514 443 608 504 altare
629 438 776 519 excitavit,
796 442 975 527 justusfuit.

106 542 322 612 Hmusstubitis
342 556 389 605 eet
409 544 638 629 consequentia.
795 610 802 639 ·

167 649 249 714 Prchat
263 656 354 708 sutem
380 646 464 710 idem
492 649 579 711 loeus
601 648 708 722 Pauli,
735 645 977 731 premissionem

109 751 214 815 ahrahae
226 752 311 823 aun,
329 758 359 808 et
373 748 526 813 Abraham
539 765 679 815 vocatum
699 750 738 813 ad
758 750 977 834 egressionem,

110 876 224 921 aaran
237 854 261 915 iu
274 849 318 913 Ur
336 849 470 929 vireret,
501 855 555 915 sed
575 878 646 917 oum
665 856 698 917 in
717 853 822 915 Harae
842 870 978 913 morare·
1061 861 1065 868 '

112 968 161 1020 tu.
187 958 237 1021 litu
251 952 385 1035 scriptura
405 977 499 1039 supra
519 962 584 1032 (11,
604 960 670 1048 31.)
691 955 773 1029 dicit,
795 952 980 1029 „Tharetu-

112 1056 238 1125 litihrnu
252 1068 275 1119 ct
289 1053 366 1117 Loth
385 1054 514 1135 titiost‘,
542 1057 593 1121 hic
617 1072 719 1122 autem
746 1055 836 1119 dicits
865 1051 979 1131 „Tulit

112 1159 436 1227 transcurrat-emt
457 1170 513 1221 etc.
865 1150 868 1155 ’

172 1264 217 1330 tet
230 1285 281 1329 mut
296 1260 348 1321 hac
367 1259 517 1322 sententia
535 1271 659 1347 pugnat
678 1259 789 1334 locus,
820 1258 926 1322 Actor.
942 1262 978 1325 ’7.

113 1374 147 1439 (ι.
162 1370 210 1444 9.),
228 1386 270 1429 nec
285 1359 425 1442 Stephani
453 1362 620 1424 auctoritas
640 1358 791 1424 eleianda
810 1374 873 1437 set,
903 1361 980 1421 haec

112 1464 163 1551 ipat
177 1468 245 1531 scria
259 1460 424 1547 repetentis,
452 1474 483 1523 et
502 1462 586 1526 clare
606 1462 753 1539 dicentis,
780 1464 815 1524 iu
834 1458 981 1543 Mesopo·

112 1568 182 1631 ttnia
196 1571 223 1631 sd
236 1564 374 1634 Abraham
396 1562 574 1628 dicta-haec
599 1565 691 1628 verbe
718 1586 793 1627 esse.
832 1564 982 1648 Pugnant

67 1677 87 1769 p
112 1668 277 1757 ighnrhiom
293 1677 319 1728 et
336 1664 521 1749 Stephanus.
560 1668 627 1733 Hos
650 1668 808 1755 memorio
836 1666 982 1730 coucilia-

67 1777 80 1847 ‘t
114 1770 206 1835 tinet
233 1768 350 1851 Uterque
370 1768 452 1830 enim
471 1766 535 1832 fide
555 1772 669 1857 diguus
689 1783 736 1835 est
755 1768 856 1847 tertis,
883 1780 915 1832 ct
939 1779 983 1831 ta·

67 1881 76 1937 i
117 1896 169 1939 ιιι
182 1874 237 1935 iuter
251 1892 279 1933 re
295 1892 353 1933 uon
373 1872 568 1935 conveniunt.

72 1994 89 2010 ¹·
174 1972 323 2053 Responderi
342 1972 435 2047 solet,
455 1974 504 2037 his
525 1988 669 2040 vocatum
687 1972 916 2049 Abrahamum,
936 1992 983 2035 se-

112 2076 161 2141 mel
182 2073 251 2137 iuUr
273 2076 505 2153 Chaldaeorum,
533 2076 662 2139 fortasse
688 2100 746 2161 per
773 2074 983 2137 Patriarcharn

69 2188 75 2229 ῑ-
112 2179 181 2249 Sem,
199 2186 323 2256 etpostea
341 2178 375 2239 in
394 2179 517 2254 Haran3
548 2179 661 2240 Mosen
682 2193 785 2241 autem
806 2192 984 2241 contentum

117 2302 167 2346 esse
180 2276 315 2342 recitatione
334 2281 516 2364 posterioris
538 2281 709 2341 vocationis
731 2282 766 2343 in
786 2282 899 2343 Harae.
942 2282 986 2343 Ita

67 2395 69 2451 j
119 2406 169 2448 nou
179 2380 316 2460 pugnabunt
342 2384 375 2443 hi
403 2396 505 2444 testes.
544 2381 627 2446 Nam
648 2384 739 2446 Mose
763 2386 986 2467 posteriorem,

117 2484 236 2567 Stephanus
252 2487 379 2566 priorem
400 2486 518 2547 recitat.

68 2564 73 2623 .'
170 2582 224 2647 Mihi
245 2598 332 2649 tamen
362 2591 407 2651 sie
433 2588 572 2661 videtur,
601 2597 776 2647 accuratam
803 2587 849 2649 rei
882 2601 987 2671 gestae

115 2687 257 2757 narationcn
275 2713 290 2751 a
308 2691 398 2752 Mose
418 2691 493 2763 texi,
514 2708 577 2748 nou
598 2708 616 2745 a
637 2683 814 2768 Stephano,
839 2688 893 2772 qui
914 2711 988 2771 pro-

67 2787 74 2832 '¹
115 2796 167 2858 fecto
187 2788 255 2874 hujus
278 2794 422 2853 historiae
452 2788 663 2873 cognitionem
691 2801 810 2850 tantum
841 2813 876 2852 ex
896 2792 989 2855 Mose

67 2931 80 2968 a
112 2896 184 2963 hausit.
214 2892 296 2975 Saepe
317 2904 419 2952 autem
440 2890 493 2968 fit,
524 2912 595 2952 cum
617 2889 719 2952 obiter
738 2891 902 2955 recitamus
934 2895 989 2955 ali·

67 2977 77 3018 .·.
109 3002 170 3089 prid,
191 3010 217 3060 at
238 2995 476 3058 circumstantias
498 3012 606 3055 omnes
627 3011 691 3052 non
721 2994 764 3055 ita
792 2994 989 3058 observemus

67 3089 77 3186 J
101 3106 229 3190 diligenter,
248 3098 324 3158 sicut
345 3095 452 3178 quiin
473 3116 510 3157 eo
532 3108 613 3170 sunt,
634 3108 670 3158 ut
689 3094 851 3157 historiam
871 3096 916 3158 rei
938 3120 991 3181 gc·

90 3226 136 3278 ,ae
151 3202 307 3284 relinquant
328 3198 460 3280 posteris
481 3198 634 3279 scriptam.
674 3196 764 3259 Mose
785 3196 884 3283 igitur
897 3200 992 3261 histo·

82 3320 148 3384 fieus
166 3321 212 3369 est
251 3303 441 3385 Stephanus,
461 3324 532 3363 eum
553 3299 681 3360 historia
702 3299 786 3379 spud
806 3301 919 3362 Mosen
940 3302 991 3378 sit,

77 3424 106 3486 de
122 3406 343 3475 circumstantiis
365 3428 475 3487 parum
496 3400 663 3473 sollicitus,
685 3399 747 3465 hoe
768 3416 887 3465 tantum
908 3406 992 3490 agit,

71 3538 96 3587 uc
112 3510 283 3592 intelligant
304 3509 478 3580 auditores,
499 3519 619 3588 patrem
641 3504 733 3585 hujus
754 3506 867 3588 populi
888 3530 991 3590 neque

67 3630 165 3707 tegens,
184 3632 242 3673 nec
262 3613 412 3693 templum
434 3610 586 3682 hahuisse,
609 3619 761 3671 ettamen
781 3607 848 3671 Deo
869 3622 993 3694 gratum
