2244 4028
136 166 285 251 43δῖ
334 177 536 242 Deoimnm
558 191 745 264 quartum
767 197 886 267 eaput
951 179 956 200 ¹

137 323 236 393 duni
254 329 290 393 iit
310 309 404 394 rehis's
424 326 561 391 adversis
580 343 736 415 praestare
751 331 945 415 patientiam,
966 332 999 394 tt
1016 330 1084 395 oon·

136 426 389 517 fidere-bonitate
403 432 474 508 Dei,
494 453 531 501 so
551 454 678 518 sperare
696 437 844 497 salutem:
865 436 900 498 in
920 435 1015 496 laetis
1036 457 1083 498 au·

135 547 199 598 tam
212 524 399 612 humiliari,
421 524 459 597 iso
479 534 549 597 Deo
569 530 705 622 gloriam
726 538 873 609 tribuere.
915 538 1082 622 Utrunque

128 637 218 703 'anim
239 640 328 714 solet,
350 637 500 725 deducere
520 639 561 700 ad
579 632 695 720 inferos
717 653 748 702 et
766 634 925 716 reducere,
947 639 1082 723 affligere

134 728 171 805 et
186 741 361 830 eonsplari,
387 737 573 804 mortificare
602 754 632 805 et
652 740 817 811 vivificare.
859 743 1084 806 Hunolndum

40 864 52 913 J
135 856 206 906 enm
226 843 293 904 'suis
314 832 425 906 sanetis
451 840 537 918 ludit
556 845 717 928 perpetuis
736 845 865 909 vicibus.
901 847 980 909 Non
1004 849 1082 911 enim

29 1007 32 1011 .
72 943 75 959 '
134 944 169 1009 in
189 947 247 1010 hae
267 944 339 1024 rita,
358 944 572 1025 uttinfutura,
594 948 840 1012 solidumnllum
858 951 1081 1035 estgaudium3

133 1050 197 1135 jam
218 1050 300 1112 irato
320 1047 432 1111 similis
452 1046 566 1135 infligit
584 1073 719 1134 poenas,
744 1049 826 1134 jam,
848 1053 930 1115 sieut
949 1051 1082 1116 blandus

33 1133 40 1201 '.
133 1165 231 1300 pater,
251 1150 335 1214 foret
355 1164 386 1216 et
405 1155 586 1216 consolatur
604 1152 688 1217 filios
710 1174 814 1215 suoss
1029 1216 1032 1223 ,

115 1268 122 1282 “
212 1254 298 1318 Haeo
312 1253 456 1320 discenda
476 1258 734 1344 suntdiligenter,
755 1268 792 1318 ut
811 1252 911 1315 simus
927 1254 1034 1343 parati
1044 1254 1081 1317 ad

128 1378 257 1421 omnem
277 1356 449 1422 fortunam:
468 1361 731 1444 quemadmodum
742 1357 860 1422 Paulus
882 1357 922 1419 de
944 1377 979 1417 se
1000 1356 1078 1432 dicit,

53 1520 54 1527 ,
131 1459 271 1542 Philipp.
291 1460 321 1526 4
343 1469 388 1543 (r
407 1469 443 1530 11
465 1474 585 1550 seqq.)-
609 1462 712 1548 „Ego
734 1460 831 1524 didici
851 1469 1021 1521 contentus
1040 1479 1079 1520 es

116 1582 167 1627 -sa
185 1561 235 1638 iis,
255 1582 336 1644 quae
357 1561 476 1642 hahe03
504 1565 567 1628 saio
588 1564 764 1642 humiliari,
789 1578 819 1627 et
839 1563 902 1624 seio
923 1561 1078 1624 abundare
1115 1606 1117 1617 .

49 1688 51 1693 ·
132 1654 201 1743 ato,
222 1664 326 1726 omnia
338 1686 466 1748 possum
487 1688 545 1750 per
560 1664 733 1742 Christum,
753 1665 809 1750 qui
824 1686 872 1725 me
887 1660 1077 1724 confirmari

210 1764 287 1828 Non
308 1765 405 1850 igitur
423 1767 664 1847 'haeoihistoria
689 1780 820 1850 propter
839 1767 917 1828 istos
942 1765 1076 1849 quinque

130 1852 220 1954 reges
240 1868 358 1951 scripta
380 1883 442 1946 est,
471 1871 528 1932 sed
557 1884 687 1953 propter
706 1892 780 1944 nos,
800 1881 836 1931 ut
855 1871 888 1929 in
909 1866 1075 1930 tentatione

132 1971 229 2034 simus
237 1964 347 2046 dort'es,
368 1986 454 2034 extra
465 1971 665 2035 tentationem
677 1986 778 2035 autern
795 1970 929 2032 humiles
947 1979 977 2030 et
991 1968 1075 2051 grati.

33 2080 60 2087 ”
140 2144 143 2149 ,
177 2068 179 2073 ’
208 2075 299 2138 Hane
318 2075 399 2137 viam
420 2075 474 2158 qui
495 2071 596 2135 tenere
618 2088 735 2158 potest,
769 2095 848 2156 quae
870 2095 943 2134 rere
964 2084 1013 2135 est
1032 2095 1074 2134 re·

92 2248 95 2257 ¹
129 2177 183 2264 gia
203 2178 264 2255 via,
284 2179 393 2242 heatus
414 2189 468 2244 est
490 2177 634 2271 Erigitur
651 2177 732 2238 enim
754 2197 820 2259 spe,
841 2188 920 2238 aum
935 2178 1075 2240 adversae

48 2278 78 2334 f
121 2302 179 2367 ⁸res
201 2293 282 2357 sunt,
304 2293 362 2343 nee
377 2274 539 2368 frangitur
549 2279 664 2372 animo.¹
685 2279 816 2354 Rursus,
838 2301 909 2340 oum
927 2281 1075 2343 laetaom·
1115 2262 1117 2271 Ι

128 2382 182 2444 nia
203 2394 285 2457 sunt,
306 2382 528 2465 pomeffartur,
550 2404 608 2445 neo
627 2381 802 2444 insolescit:
824 2383 878 2445 sed
897 2396 983 2447 recta
1005 2383 1077 2446 dixit

128 2484 200 2546 ille:
221 2472 363 2545 Medium
383 2498 509 2547 tenuere
529 2482 623 2545 be'ati.
664 2486 794 2547 Animus
816 2487 898 2567 enim
921 2487 1073 2550 humanus

128 2587 162 2649 in
189 2596 491 2669 utranque'partem
511 2583 757 2665 infirmissimus,
787 2602 817 2649 et
846 2592 933 2673 quod
955 2593 1075 2656 eredita

129 2688 343 2803 difficillimum
364 2701 428 2767 est,
449 2686 572 2751 facilius
595 2687 740 2750 duratio
761 2689 908 2754 adversis.

183 2782 394 2854 Notandum
409 2735 501 2854 lioa'
491 2816 524 2853 ιιι
543 2791 616 2854 loeo
647 2802 693 2854 eat
712 2794 898 2856 vocabulum
921 2773 1073 2892 wilm,

128 2886 283 2983 significat
309 2911 466 2980 ereptum,
496 2911 526 2959 et
552 2904 587 2957 ut
616 2915 675 2956 nos
704 2894 839 2959 solemus
862 2899 985 2977 dicere,
1007 2901 1075 2963 reli-

128 2995 218 3081 quias
238 2995 372 3081 alicujus
392 2999 499 3074 cladis,
521 2999 570 3062 die
591 2999 785 3061 entltommen
804 3001 890 3077 sind3
913 3015 960 3064 est
976 3016 1075 3069 autem

34 3088 37 3095 ⁴
126 3097 260 3218 propria
285 3094 469 3184 appellatio
476 3113 661 3164 sanatorum
710 3100 777 3161 Hos
808 3103 887 3165 enim
910 3105 1056 3169 Deus
1032 3130 1075 3170 aro

96 3202 271 3298 ,immergi
298 3203 456 3286 perieulis
477 3202 566 3280 sinit,
594 3216 630 3265 ut
650 3202 802 3286 deplorati
829 3207 1011 3270 videantur.
1045 3223 1074 3272 et

126 3316 230 3366 tamen
262 3304 397 3368 mirabili
425 3308 534 3370 modo
549 3295 719 3369 liberantur
735 3309 892 3384 tandem.
922 3307 977 3373 Sia
1004 3332 1073 3374 oum

69 3426 71 3430 ⁴
125 3418 212 3468 totus
232 3408 369 3470 mundus
390 3408 609 3486 damnabitur,
624 3433 699 3486 nos,
721 3436 776 3495 qur
766 3370 958 3474 Christum
980 3411 1072 3475 conli-

126 3513 246 3584 t'emur,
275 3522 305 3571 et
330 3509 361 3570 in
392 3513 458 3596 ejus
479 3527 577 3576 morte
597 3513 798 3593 confidimua,
825 3529 976 3602 tanquam
1003 3517 1070 3580 reli·

124 3613 218 3698 quiae
236 3613 458 3679 retrahimur-¹
